1875 2917
130 92 161 137 sl
283 104 285 109 s
315 76 505 135 cosumus
522 85 618 135 uxlv.

132 219 184 267 Nec
194 214 258 281 petet
268 230 381 279 egressus,
391 216 469 279 pelugi
479 215 624 278 cingentibus
633 212 713 261 undis.
761 210 811 257 les

133 282 209 331 Nulla
219 280 281 344 fugae
291 280 362 336 retio;
380 280 446 327 nulle
456 294 524 342 spes:
541 280 620 327 omnis
629 286 705 337 mute,

134 346 223 395 Omnia
233 353 287 393 sunt
297 345 399 393 desertor
418 352 534 393 ostentent
544 344 623 392 omnis
632 344 716 390 letum.

135 414 192 461 Non
203 420 281 458 umen
291 418 345 457 unte
355 409 414 457 mihi
424 410 573 472 languescent
582 408 673 456 luminu
682 413 767 465 morte,

135 478 187 525 Nec
194 474 261 539 ,prius
272 490 287 521 a
296 474 357 521 fesso
370 474 476 522 secedent
486 489 579 537 corpore
589 488 678 530 sensus,
766 469 814 519 189

137 541 217 600 Quem
227 541 314 601 justum
326 556 341 587 s
351 539 419 587 Divis
430 552 553 601 exposcam
563 537 655 601 prodite
664 535 775 594 multem,

138 606 308 666 celestiumque
318 603 388 651 iidem
398 603 516 667 postremi
525 617 656 664 comprecer
665 599 734 648 hort.

139 670 227 730 Quare,
239 670 299 717 fecte
310 668 387 716 virum
397 668 523 716 multantes
533 666 624 715 uindice
633 664 711 729 poeni,

138 734 289 791 Eumenides,
302 733 387 795 quibus
397 731 512 795 snguineo
522 731 630 779 redimite
639 728 724 793 capillo

140 800 215 847 From
225 798 365 861 exspirantes
375 804 500 859 praepnrtet
509 795 607 859 pectoris
617 795 671 854 ires,

141 863 198 911 Huc
207 864 254 911 hue
264 862 393 921 adventare,
405 876 468 909 meus
478 860 558 908 cudite
567 860 681 924 querelas,
767 857 816 905 195

141 927 208 986 Ques
219 942 262 989 ego
273 928 320 991 (ve
330 924 419 973 misere
427 923 449 987 t)
464 924 574 973 extremis
583 923 685 987 proferre
694 920 809 970 medullis

141 992 227 1054 Cogor,
237 991 313 1065 inops,
324 989 414 1051 ardeus,
426 990 514 1037 umenti
523 1004 583 1038 cuce
592 988 676 1036 furore

143 1055 205 1114 Qus
216 1069 327 1119 quonum
337 1070 390 1103 vere
400 1063 526 1103 nuscuntur
536 1062 627 1117 pectore
636 1055 667 1102 eb
676 1052 734 1113 ime,

143 1119 193 1169 Vos
202 1120 274 1168 nolite
283 1119 333 1183 peti
342 1127 448 1167 nostrum
459 1132 580 1167 vanescere
589 1118 697 1165 luctumr

144 1184 199 1245 Sed,
211 1184 275 1249 qunti
285 1184 358 1232 solam
369 1184 476 1232 Theseus
485 1198 525 1231 me
534 1192 612 1231 mente
622 1182 724 1247 reliquit,
768 1183 820 1231 200

145 1248 201 1297 uui
210 1248 371 1308 meute‚Deee.
382 1247 408 1296 fu
425 1256 679 1311 estetsequesuosque.
899 1252 903 1258 '

177 1314 232 1362 Hes
239 1322 363 1391 postquem
373 1328 398 1361 m
464 1312 568 1376 prciirdit
577 1320 668 1377 pectore
677 1326 752 1375 voces,

146 1378 293 1442 Supplicium
305 1379 369 1428 seris
380 1393 504 1441 exposcens
513 1378 584 1425 anxie
592 1377 675 1437 fectis3

145 1443 240 1493 Annuit
248 1444 334 1492 invicto
344 1442 468 1491 umerum
479 1441 575 1489 numine
584 1450 676 1502 rector3
772 1444 822 1492 204

146 1507 204 1567 Quo
212 1515 268 1556 tune
278 1517 302 1557 et
311 1508 388 1567 tellus,
399 1516 469 1571 utque
479 1506 573 1554 horride
581 1515 769 1556 contremuerunt

146 1572 260 1636 AEquore,
272 1570 429 1635 concussitque
439 1570 550 1619 micantis
559 1571 633 1619 fidere
641 1572 752 1621 mundus.

147 1637 203 1701 Ipse
213 1644 292 1685 eutem
302 1637 362 1685 ceci
371 1644 474 1685 menum
484 1635 583 1701 calgine
593 1636 700 1686 Theseus

148 1700 265 1761 Gemitus,
276 1701 348 1750 oblito
358 1700 446 1749 dimisit
456 1710 548 1765 pectore
556 1710 648 1761 cuncte,

148 1765 210 1824 Quae
220 1766 330 1814 mandute
339 1766 404 1830 prius
414 1765 528 1815 consueti
538 1774 615 1815 merite
625 1768 733 1815 tenebett
811 1797 815 1804 ,
929 1769 930 1810 ἴ

149 1830 236 1878 Dulcis
245 1844 287 1879 nec
297 1841 379 1880 moesto
389 1832 511 1880 sustollens
521 1832 587 1895 signs
594 1832 693 1894 percusti,
774 1830 824 1879 21⁰
929 1829 930 1890 Ξ

149 1894 264 1957 Sospitem
273 1904 296 1943 et
306 1905 411 1961 ereptum
421 1911 446 1945 se
456 1896 749 1960 nstmditriserepnrtum·
929 1901 930 1914 ³

151 1958 262 2023 Namque
272 1960 358 2021 ferunt,
369 1961 426 2010 olim
438 1959 517 2024 [classi
527 1975 590 2018 cum,
600 1961 687 2008 moeniu
696 1960 779 2023 Dine]

150 2020 317 2087 Linquentem‚
327 2034 409 2074 netum
421 2025 495 2074 ventis
504 2023 648 2074 corraderet
658 2025 757 2087 AEgeiu,

152 2086 223 2137 'l'elir
232 2092 380 2155 complexum
389 2090 471 2153 juveni
481 2089 591 2138 mandute
599 2089 705 2137 dedisse:

185 2154 257 2216 Nate,
267 2156 327 2203 mihi
336 2156 407 2218 longi
415 2154 540 2217 jucundior
548 2153 617 2201 unice
626 2153 683 2214 riti,
776 2154 825 2203 215

153 2220 226 2279 Nate,
237 2234 281 2283 ego
290 2236 361 2285 quem
371 2221 396 2267 in
406 2219 490 2267 dubios
577 2218 693 2266 dimittere
702 2232 778 2279 censs,

153 2283 255 2332 Reddite
263 2285 289 2332 in
299 2294 408 2334 extreme
417 2298 492 2348 nuper
553 2282 559 2293 ¹
570 2283 617 2330 fine
627 2290 731 2344 senus,

153 2346 350 2411 Quandoquidem
360 2350 453 2397 fortune
462 2362 524 2408 meu,
535 2362 562 2395 cc
572 2355 615 2395 tue
623 2346 712 2395 fervide
720 2346 796 2397 virtue

149 2410 232 2473 'Eripit
242 2411 315 2461 inrito
324 2413 384 2461 mihi
393 2421 424 2472 te,
436 2412 492 2477 quoi
501 2411 613 2475 languide
622 2411 727 2460 nundum

155 2474 657 2539 Luminasuntneticerisetmsteflgrrri3
779 2477 830 2526 22⁰

155 2537 212 2584 Non
223 2549 266 2601 ego
276 2547 299 2588 te
309 2542 411 2604 gaudem
421 2540 508 2589 letenti
518 2548 611 2604 pectore
618 2541 721 2600 mitum,

156 2600 207 2649 Nec
217 2610 241 2649 te
251 2602 308 2651 ferre
319 2605 393 2653 mem
404 2606 514 2653 Fortunae
522 2604 588 2668 rigua
598 2604 719 2655 secundet
