1875 2917
318 96 513 189 oaupnnus.
531 96 627 147 LXIV.
779 102 812 149 bb

133 226 180 276 Sed
187 225 294 303 primum
301 226 388 274 multas
396 240 531 290 expromam
538 236 617 275 mente
623 227 737 291 querelas,
762 228 812 276 22³

135 292 254 339 Canitiem
264 290 327 347 terri
337 298 409 355 atque
417 290 495 339 infuso
504 291 601 355 pulvere
609 291 714 341 fmdaust

135 356 195 403 inde
205 356 292 403 iniecta
302 370 361 417 vago
371 355 512 419 suspendam
522 356 594 404 lintea
602 356 674 415 malo,
763 360 812 405 225

134 420 233 469 Nostros
244 428 272 468 ut
281 419 367 477 luctus,
378 428 509 483 nostreque
518 420 624 468 incendia
632 421 725 482 menda,

135 484 252 533 carbasus
262 482 360 532 obscuris
370 483 430 532 dieat
441 484 556 548 fermgine
566 486 642 533 lhera.

135 548 207 608 Quod
217 548 262 596 tibi
273 547 293 596 si
303 548 375 597 aencti
385 549 518 597 concesserit
527 549 603 597 incola
613 550 684 609 Itoni,

134 613 209 673 (Quae
217 621 323 660 nostrum
334 626 407 675 genus
417 628 444 661 ac
454 613 519 661 sedes
528 613 651 661 defendere
659 614 724 662 iretis

134 676 243 738 Annuit)
253 686 280 725 ut
290 678 350 725 tauri
360 692 477 741 respergas
486 680 599 742 sanguine
608 678 730 735 dextram
762 679 811 727 230

137 740 201 789 Turn
213 756 268 789 vero
278 741 356 801 lecito,
367 750 395 789 ut
405 743 502 789 memori
512 743 556 790 tibi
565 742 658 791 condita
668 743 737 791 corde

135 806 195 854 Haec
205 806 300 868 vigeant
310 805 433 863 mandatu
451 821 494 854 nec
502 808 553 855 ulla
562 807 667 855 obliteret
677 816 747 855 arcear

135 870 180 931 Ut,
190 870 263 918 simul
273 885 301 917 ac
310 878 397 919 nosnos
408 871 507 919 invisent
516 872 607 920 lumina
616 872 695 934 eolles,

134 933 263 983 limestam
273 943 379 983 antonne
389 934 505 999 deponant
514 936 618 999 undique
628 946 724 997 vestan,

134 998 288 1063 Gnidiosque
297 1000 376 1048 intorti
386 1000 508 1048 sustollant
517 1001 569 1049 vela
579 1001 695 1060 minitas,
761 1002 810 1051 235

135 1060 239 1127 [Lucida
249 1064 297 1127 qud
308 1064 429 1127 splendent
439 1065 525 1113 summi
535 1064 648 1114 cambesia
657 1067 715 1113 mali
722 1066 743 1133 t]

133 1127 319 1191 Quamprimum
331 1143 423 1177 canens
431 1136 459 1177 ut
467 1130 524 1177 letis
533 1130 620 1193 gaudia
627 1139 707 1179 mente

132 1192 157 1239 A
191 1206 278 1251 mmm,
291 1194 761 1257 cumtereduoemaetasprosperasistet.

193 1272 226 1305 ιω
235 1257 346 1305 mandata
355 1258 421 1323 prius
432 1260 545 1307 constanti
554 1267 633 1306 mente
643 1267 759 1309 tenentem

133 1320 234 1381 'l‘hesea
246 1336 288 1369 oen
299 1322 373 1385 pulse
382 1331 504 1371 ventorum
514 1322 608 1370 flamine
617 1324 692 1371 nubes
758 1322 806 1373 240

132 1385 235 1433 Aiirium
244 1384 307 1434 nivei
316 1386 408 1444 montis,
419 1388 518 1451 liquere,
529 1400 648 1435 cacumen,

125 1450 169 1498 'At
178 1458 253 1514 pater,
264 1458 293 1499 ut
302 1452 394 1500 nimmia
404 1462 551 1516 prospectem
561 1468 591 1499 ex
601 1466 654 1499 arce
662 1452 764 1513 petebat,

131 1514 216 1563 Anxia
224 1514 250 1562 in
260 1515 363 1563 assidam
373 1520 498 1565 absumens
507 1516 598 1563 lumina
607 1516 684 1576 fletus,

132 1579 195 1628 cnm
205 1578 310 1642 primum
320 1580 395 1628 inflati
405 1581 524 1643 conspexit
533 1581 605 1628 lintea
614 1581 668 1640 veli,

131 1642 281 1707 Pracipitem
291 1658 339 1693 sese
349 1645 496 1709 scopulorum
506 1660 519 1693 e
529 1644 613 1693 vertioe
621 1644 684 1707 jecit,
758 1644 807 1691 245

131 1708 257 1757 Amissum
267 1708 361 1757 medem
370 1709 456 1757 immiti
467 1708 559 1757 Thesea
567 1710 625 1764 fato.

131 1772 179 1833 Sic,
190 1772 283 1821 funesta
293 1772 375 1821 domis
385 1774 501 1837 ingressus
511 1770 677 1837 taon‘paternt

125 1836 220 1897 Morte,
230 1836 299 1888 ferox
309 1838 422 1897 Theseus,
433 1838 527 1902 qualem
538 1838 642 1886 Minoidi
652 1839 743 1887 lachim

130 1901 266 1962 obtulerat,
276 1910 355 1951 mente
364 1902 496 1951 immemori
505 1902 576 1950 talem
586 1902 636 1966 ipse
645 1904 737 1967 reoepit.

130 1966 194 2027 Qua
201 1973 254 2014 mm
261 1976 407 2031 prospectans
414 1967 532 2015 cedentem
539 1977 622 2016 moesta
628 1968 739 2029 cannam
757 1970 806 2017 250

131 2030 279 2093 Multiplices
289 2032 368 2080 animo
378 2032 485 2081 volvebat
494 2033 573 2080 saum
581 2048 654 2081 onas.

131 2084 169 2143 At
178 2104 246 2158 parte
257 2110 286 2143 ex
296 2096 343 2144 alii
352 2096 435 2145 florens
445 2096 556 2145 tonabat
566 2097 674 2157 Iiiochus,

131 2159 195 2209 Cum
206 2159 281 2207 thiaso
291 2160 435 2224 Satyrorum,
447 2168 471 2209 et
481 2161 606 2225 Nysigenis
615 2162 708 2221 Silenis,

132 2222 171 2272 Te
181 2238 297 2288 quaerens,
307 2224 422 2285 Ariadna,
434 2234 521 2289 tuoque
530 2226 638 2275 incessus
647 2240 741 2281 amore;
757 2227 806 2274 254

130 2287 183 2348 Qui
193 2296 246 2335 tum
256 2288 341 2338 alames
351 2290 436 2354 passim
446 2289 569 2353 lymphati
577 2300 656 2338 mente
664 2289 782 2351 furebant,

132 2354 196 2401 Eum
205 2352 352 2416 bacchantes,
364 2356 435 2413 Buce,
444 2354 522 2419 capita
530 2354 680 2403 inflectentes.

130 2417 228 2465 Horum
238 2432 293 2481 pecs
303 2418 363 2467 tecti
374 2420 508 2483 quatiebant
517 2420 611 2481 cuspide
620 2419 726 2482 thyrsos3

130 2482 191 2531 Pars
201 2497 215 2529 e
225 2481 316 2531 divulso
326 2486 448 2546 raptabant
457 2484 563 2530 membra
570 2484 684 2545 jusencog

130 2546 190 2594 Pare
200 2560 250 2593 sese
260 2547 324 2595 tortis
334 2548 476 2611 serpentibus
486 2545 649 2608 incingebmt3

130 2611 189 2659 Pers
199 2612 297 2659 obscum
306 2612 368 2661 cavis
378 2611 524 2661 celebrabant
532 2610 597 2673 orgia
606 2610 678 2670 cistis
756 2611 806 2657 2⁶⁰
