1875 2917
330 34 512 88 TIBULLUS.
529 39 551 87 Ι.
568 41 592 86 ὅ.
772 35 803 82 lt

125 169 195 216 llau!
207 168 270 217 haul
283 183 357 231 quam
363 168 427 218 lenta
434 163 801 229 blmtbusmeturqnetamaue!

157 233 278 282 Deficiunt
288 241 358 292 artes,
368 230 590 295 deficiuntquedoli.
768 229 801 276 82

126 297 206 356 Parce,
218 313 286 360 puer,
298 312 387 372 queso,
398 311 429 345 ne
440 296 516 360 burpis
525 296 606 344 fabula
615 295 681 357 fiam,

158 362 219 410 Cum
230 378 285 410 mea
294 361 404 410 ridebunt
414 375 475 410 vana
484 359 623 424 magisteria.

368 550 504 599 ELEGIA
521 549 555 598 V.

124 680 203 744 Asper
213 695 287 740 eram,
302 688 326 728 et
335 682 394 730 bene
405 679 528 728 discidium
538 695 578 728 me
588 679 647 730 ferre
657 678 783 742 loquebart

157 746 194 793 At
204 744 265 792 mihi
276 759 339 793 nunc
349 746 418 808 longe
428 745 502 806 gloria
511 743 577 792 fortis
587 746 660 793 abest.
772 796 775 804 ,

125 809 237 874 Namque
247 824 312 871 agur,
326 819 352 858 ut
361 825 403 874 per
412 809 484 870 plana
494 809 553 858 cinna
563 809 613 858 sols
619 809 712 857 verbere
722 807 799 866 narbo,

157 873 237 933 Quem
249 874 309 922 celer
319 874 410 922 assera
420 882 496 922 vacat
504 875 535 922 ab
545 883 593 922 arte
603 888 668 938 puer.

123 938 414 1002 Ureferum‚etturqne=
430 937 800 1002 libeatnedieerequidquamd

158 1001 315 1066 Magnificum
326 1003 429 1066 posthac,
441 1002 534 1051 horrida
544 1005 613 1051 verba
623 1002 700 1050 doma.

127 1066 200 1115 Parce
211 1076 300 1126 tamen,
311 1083 352 1132 per
363 1077 387 1116 te
396 1066 477 1116 furtivi
488 1065 645 1127 foederalerfi,

157 1132 204 1180 Per
214 1132 340 1192 Venerem,
350 1147 437 1196 quaeso,
449 1147 500 1180 com
543 1131 549 1142 '
602 1146 649 1195 que
658 1138 736 1194 caput.

125 1195 171 1245 Ille
181 1211 233 1259 ego,
246 1211 300 1245 cum
311 1197 370 1244 tristi
381 1197 462 1246 morbo
510 1211 561 1244 essa
568 1197 664 1258 jaceres,

160 1260 340 1310 Tedicurvotis
350 1262 460 1326 eripuisse
469 1260 535 1309 meis.
770 1259 800 1314 lll

125 1325 227 1390 Ipseque
239 1333 273 1374 ter
285 1326 372 1376 cirum
383 1325 479 1374 lustravi
489 1325 577 1374 sulfure
587 1340 655 1388 parra,

159 1389 269 1438 Carmine
280 1405 334 1438 cum
343 1391 433 1454 magian
444 1391 600 1454 pracinuisset
609 1405 676 1438 anus.

125 1455 181 1520 Ipse
191 1456 320 1518 procuravi,
332 1469 362 1504 ne
372 1465 465 1520 possent
475 1472 535 1504 aava
545 1471 627 1504 nocere

156 1519 263 1580 Somnia,
276 1528 310 1568 ter
320 1521 400 1568 sancta
409 1520 569 1570 deveneranda
577 1521 650 1570 moll·

124 1585 181 1649 Ipse
192 1600 244 1648 ego,
256 1585 344 1634 velatus
354 1585 402 1645 filo,
415 1583 545 1649 tunicisque
554 1585 644 1645 salutis,
771 1586 801 1632 15

157 1649 222 1698 Vota
232 1663 316 1696 novem
329 1649 416 1698 Trivia
427 1659 494 1698 nocte
504 1649 585 1698 silente
594 1650 657 1699 dedi.
676 1703 679 1710 ,

124 1713 215 1762 Omnia
225 1715 338 1777 persolvit
355 1715 441 1762 fruitur
451 1729 514 1762 nuuc
523 1715 581 1764 alter
591 1729 678 1777 amne,

156 1779 192 1827 Et
200 1779 307 1842 precibus
317 1779 374 1828 felix
385 1779 459 1828 utitur
468 1779 584 1831 illamais.

123 1844 160 1892 At
170 1843 230 1891 mihi
240 1843 331 1892 felicem
343 1844 423 1903 vitam,
436 1844 530 1892 sisalvs
538 1844 629 1905 frdsses,

157 1908 288 1971 Fingebam
299 1908 401 1969 demens,
413 1909 454 1957 sed
464 1919 574 1958 renuente
584 1909 643 1958 Dea.
769 1910 801 1958 20

27 1963 28 1972 ¹
124 1973 193 2022 Rura
203 1972 294 2028 colnmt
312 1973 453 2038 frugumque
463 1973 537 2022 aderit
546 1989 600 2022 mea
610 1974 680 2024 Delia
689 1982 775 2034 drawa,

158 2037 221 2086 Area
232 2037 290 2085 dum
301 2053 395 2096 messes,
407 2039 455 2086 sole
466 2039 562 2099 calente,
574 2048 639 2088 teret.

123 2101 179 2150 Ant
189 2101 249 2150 mibi
260 2103 360 2151 servabit
370 2103 444 2166 plenis
454 2103 480 2150 in
486 2102 595 2152 lintribus
605 2120 671 2164 uvas,

157 2167 289 2230 Pressaque
299 2167 372 2214 veloci
382 2167 480 2216 candida
490 2177 566 2216 musta
577 2167 643 2230 pede.

124 2229 266 2280 Gmsueaeet
277 2245 399 2280 numerare
409 2247 493 2304 pecus3
511 2241 643 2282 acusuoecet
652 2231 753 2281 amantis
768 2233 801 2280 25

158 2295 275 2344 Garrulus
285 2295 310 2342 iu
321 2295 422 2351 domina
431 2297 512 2346 ludere
522 2312 593 2346 verua
603 2296 664 2344 siuu.

26 2399 30 2410 .
124 2358 174 2408 Illa
184 2360 236 2408 Deo
247 2360 304 2410 sciet
313 2360 418 2434 agricola
427 2377 469 2426 pru
480 2361 567 2412 vitibus
578 2375 657 2419 uvam,

157 2423 207 2472 Pro
217 2433 294 2488 segete
304 2440 389 2500 spicas,¹
396 2441 438 2490 pro
448 2441 519 2490 grege
529 2425 589 2474 ferre
599 2425 691 2488 dapem.

26 2489 27 2518 l
124 2487 365 2554 Illaregatcnnctnst
382 2489 647 2546 rllisintomniacuraer

155 2551 625 2616 ntjuvetiutotamenihilessedomo.
647 2602 675 2608 ,,
768 2555 802 2602 30
