1875 2917
302 67 488 130 TIBUnnvs.
505 67 551 117 ιν.
570 69 592 115 1.
749 68 782 115 so

110 199 156 248 Seu
164 198 208 246 tibi
215 213 258 262 per
265 205 375 260 poterunt
383 196 433 251 (sed
439 196 504 261 quod
511 195 652 260 spesebnuit
659 196 740 254 ultro),
751 196 783 242 25

111 263 164 311 Sive
174 263 260 322 minus,
273 265 389 325 (certeque
398 263 480 310 cenent
489 261 578 320 minus)
588 274 657 308 omne
667 275 777 308 vovemus

112 327 165 376 Hoc
175 327 233 384 tibi;
250 341 293 374 nec
302 333 366 374 tento
377 336 451 374 ccreot
461 325 520 372 mihi
529 324 623 372 nomine
633 325 718 372 cherm-

113 391 183 450 Nem,
192 405 336 455 quemquem
342 389 442 453 entique
450 389 525 454 gentis
531 397 640 450 superent
647 388 690 435 tibi
695 386 783 445 laudes,

112 455 167 502 Non
179 463 219 502 tus
230 456 346 516 medorum
357 463 463 502 contente
473 461 508 501 est
517 453 591 516 glorie
600 453 673 512 femi,

22 521 24 526 ’
113 519 163 566 Nec
174 519 266 592 queris,
278 517 335 593 quid
345 515 436 581 quique
446 517 517 565 index
527 519 571 565 sub
580 516 682 579 imagine
691 516 767 571 dicet3

113 583 157 632 Sed
167 597 258 645 genens
268 597 353 644 priscos
363 581 481 630 contendis
491 581 581 629 vincere
590 579 695 641 honores,
752 579 783 626 31

113 647 192 706 Quem
203 646 247 694 tibi
257 647 363 707 majores,
374 647 450 706 majus
461 646 530 693 decus
539 645 590 708 ipse
599 644 691 692 futuris.

112 711 147 758 At
158 719 200 758 tua
210 725 257 758 non
267 710 349 758 titulus
359 709 434 785 sapiet
443 711 487 758 sub
497 718 618 756 semmae
627 708 702 763 farm

112 775 211 823 AEterno
220 774 261 822 sed
272 782 339 822 erunt
349 774 392 822 tibr
402 788 487 836 magno
496 773 616 822 volumino
626 787 709 830 versu;

114 838 301 902 Convenientque
312 847 363 886 tune
373 836 451 902 cupidi
461 853 597 902 componere
606 836 686 884 lsudes
752 837 785 883 35

115 901 236 966 Undique,
248 903 334 967 quique
344 910 426 950 cenent
436 902 512 950 vincto
522 901 589 965 pede,
602 901 690 975 quique
700 901 784 950 soluto.

113 966 173 1024 Quis
183 968 266 1030 potior,
278 975 391 1014 certamen
403 967 460 1023 erit;
477 965 522 1014 sim
532 965 639 1013 victorin
648 964 704 1025 dlis,

115 1031 149 1079 Ut
158 1040 265 1078 nostrum
276 1031 344 1078 tantis
354 1029 477 1078 inscribam
487 1044 571 1077 nomen
581 1030 606 1076 in
616 1030 680 1076 actis.

113 1096 178 1146 Num
189 1096 243 1158 quis
253 1104 276 1144 te
286 1096 374 1154 msJors
384 1095 443 1158 gerit
452 1093 559 1142 nostrisve
567 1092 663 1141 sorore?

113 1161 164 1207 Nec
170 1167 258 1218 tamen,
265 1159 319 1206 hinc
329 1157 438 1218 anthino,
447 1158 490 1206 tibi
497 1158 548 1204 laus
558 1157 660 1217 majorve
667 1157 784 1214 minorver

113 1224 184 1272 Justa
193 1224 244 1286 pari
269 1221 366 1270 remitnr
376 1223 447 1270 veluti
457 1236 510 1270 cum
521 1219 622 1284 pondere
631 1220 699 1280 libre,
753 1223 783 1270 41
864 1265 869 1275 ,

113 1288 192 1338 Prone
202 1302 244 1336 nec
253 1239 297 1334 dec
306 1287 360 1349 plue
370 1295 436 1350 purte
446 1284 517 1343 sedet,
528 1299 571 1332 nec
581 1283 656 1346 surgit
665 1286 695 1332 ob
705 1285 760 1332 ifle:

114 1351 207 1411 Qualis,
218 1351 361 1414 inaequatum
372 1349 391 1398 si
402 1349 495 1414 quondo
505 1364 564 1397 onus
574 1355 641 1411 urget
651 1348 787 1413 utrimque}

113 1415 233 1463 Instabilis
244 1423 315 1474 nutat,
327 1413 413 1463 alterno
424 1412 549 1478 depressior
558 1414 621 1461 orbe.

113 1480 189 1536 Nem,
201 1495 242 1526 scu
252 1477 335 1527 diversi
344 1478 428 1526 fremat
437 1477 590 1526 inconstantia
599 1477 673 1541 vulgi,
754 1478 789 1533 455

113 1545 169 1592 Non
180 1543 240 1590 alius
250 1543 328 1590 sedere
338 1551 420 1606 queet3
438 1557 479 1590 seu
487 1539 571 1602 judicis
581 1542 616 1590 iro

113 1607 149 1658 Sit
159 1607 281 1671 plmuudn,
292 1607 338 1654 tuis
348 1606 431 1670 poterit
441 1606 557 1654 mitescere
567 1606 648 1654 verbis.

111 1672 169 1721 Non
181 1672 253 1735 Pylos
263 1680 303 1720 aut
314 1670 393 1719 Ithace
403 1679 479 1718 tentos
488 1671 593 1733 genuisse
602 1671 709 1720 feruntur

112 1738 222 1794 Nestora,
234 1735 270 1784 vel
280 1751 357 1800 parvae
367 1750 480 1798 magnum
491 1734 559 1782 decus
569 1734 633 1783 urbis
644 1733 759 1798 Ulyssem

111 1800 206 1850 Vixerit
216 1799 255 1847 ille
266 1815 335 1848 senex
342 1799 457 1863 quanvis,
467 1798 526 1846 dum
536 1807 601 1848 terno
610 1815 652 1863 per
661 1803 740 1850 orbem
753 1803 786 1849 50

111 1864 205 1914 Secula
213 1863 326 1920 fertilibus
337 1864 409 1912 Titen
419 1863 541 1912 decurrerit
551 1863 629 1922 horis3

111 1930 158 1981 Ille
167 1945 209 1992 per
219 1928 309 1992 ignotos
316 1927 393 1976 sudsx
404 1927 511 1976 erraverit
519 1929 597 1990 urbes,

111 1993 169 2054 Qut
180 1993 249 2040 meris
260 1991 366 2040 extremis
376 1992 445 2040 tellus
455 1990 585 2040 excluditur
596 1993 678 2051 undis;
717 2001 723 2004 ”

112 2059 188 2117 Nem,
199 2055 359 2120 Ciconumque
369 2071 452 2104 manus
461 2055 561 2105 adversis
570 2058 672 2121 reppulit
681 2056 766 2114 armis3

111 2123 165 2170 Nec
176 2119 250 2170 veluit
258 2121 318 2168 lotos
328 2129 413 2184 coepuos
422 2128 523 2168 avertere
531 2135 627 2178 cmeusr
753 2122 785 2166 55

111 2187 188 2235 Gessit
198 2195 221 2232 et
231 2185 330 2233 AEtnreae
341 2184 474 2249 Neptemius
483 2184 559 2232 incole
568 2184 642 2248 rupis,

111 2251 183 2299 Victo
193 2249 307 2298 Maroneo
316 2249 414 2296 foedotus
422 2247 514 2296 lumine
523 2247 629 2306 Baceh03

93 2323 95 2328 '
111 2314 186 2363 Vexit
196 2326 219 2362 et
229 2313 319 2362 AEolios
329 2313 446 2378 placidum
456 2327 499 2376 per
509 2313 534 2360 N
536 2329 587 2360 ereo
597 2320 675 2361 ventos
680 2329 690 2373 3

112 2378 218 2428 Incultns
228 2377 286 2425 odiit
296 2377 466 2441 lraesnygonas
477 2377 678 2441 Andphsteuque,

112 2443 206 2496 Nobilis
217 2441 312 2490 Artacie
322 2441 398 2505 gelidi
408 2457 467 2505 quos
476 2441 557 2502 irriget
567 2441 645 2497 undlsr
753 2441 785 2488 (id

111 2507 193 2556 Solum
205 2522 248 2555 nec
258 2505 330 2554 docte
341 2505 456 2554 verterunt
466 2505 550 2568 pocula
560 2505 646 2564 Circes,

112 2570 228 2632 Quamvis
237 2569 279 2618 ille
288 2569 347 2618 foret
357 2568 418 2617 Solis
428 2583 510 2631 genus,
520 2575 576 2631 epte
585 2567 623 2616 vel
632 2567 717 2626 herbis,
