1875 2917
319 98 549 150 PROPERTIUS.
564 99 611 149 lv.
628 99 653 155 7.
774 96 819 151 117

148 231 206 279 Non
217 237 295 278 temen
305 229 410 288 insector,
422 230 530 294 quamvis
539 244 649 287 mereare,
659 224 779 291 Propertit

179 296 262 358 Longa
272 310 325 343 mea
335 296 358 341 in
370 296 434 343 libris
444 309 516 357 regna
526 294 592 341 fuere
601 294 655 341 tuis
706 357 708 361 Ι
788 288 821 335 50

146 360 208 407 Juro
219 375 263 423 ego
273 360 374 407 fetorum
384 359 444 407 uuili
454 359 581 407 revooabile
591 372 691 418 sanna,

181 423 391 487 (Tergeminusque
401 425 463 473 canis
474 424 506 471 sic
515 422 575 469 mihi
584 422 655 469 molle
664 418 740 482 sonet)

149 486 194 535 Me
204 488 304 536 servisse
314 488 399 535 fidem:
417 488 436 536 si
447 488 512 546 fallo,
523 488 602 549 vipera
612 486 695 533 nostris
764 534 766 538 ,

180 551 263 600 Sibilet
271 553 296 599 in
307 552 412 611 tumulis,
424 562 447 600 et
457 567 526 615 super
535 567 586 599 ossa
596 552 672 599 cubet

146 616 211 663 Nam
220 617 312 678 gemina
323 625 356 664 est
366 616 430 665 sedes
441 625 533 679 turpem
543 617 622 663 sortita
631 629 673 678 per
682 626 793 669 amnem

180 681 307 745 Turbaque
317 680 408 728 diverso
417 681 515 743 remigat
525 680 600 728 omnis
611 677 678 743 aqud.
788 678 821 724 56

148 744 202 792 Una
213 746 394 809 Clytaemnestrae
404 754 510 808 stuprum
522 744 593 803 vehit,
602 758 695 807 unaque
706 744 795 792 exesse

181 809 261 857 Portat
271 808 373 857 mentite
383 809 460 873 lignea
469 818 572 857 monstro
581 808 654 856 bovis.

147 872 217 932 Eooe,
230 882 334 921 ooronato
345 889 398 935 pars
409 874 481 922 altera
492 884 556 923 vecto
565 874 669 937 phaselo,

181 938 273 985 Muloet
284 938 367 987 ubiEl
384 938 495 987 siasaura
504 941 658 996 beatarosas;
788 940 820 988 60

146 1002 203 1061 Quia
213 1017 335 1051 numerosa
345 956 409 1062 fides,
422 1004 469 1066 quh
485 1020 516 1051 ue
525 1020 570 1051 tera
580 1002 679 1051 rotunda
688 1002 804 1067 Cybelles,

180 1066 328 1130 Mitratisque
339 1074 422 1113 sonant
432 1066 471 1129 Ly
488 1066 493 1076 “
519 1067 605 1129 plectra
615 1066 697 1114 eboris.

146 1129 343 1193 Andromedeque
351 1141 374 1177 et
380 1130 571 1193 Hypermestre,
578 1130 715 1179 sinefraude
722 1133 820 1195 marite,

179 1195 282 1241 Narrant
291 1194 406 1253 historias,
419 1209 514 1259 oorpora
524 1203 587 1255 nota,
598 1210 659 1242 suas.
728 1250 731 1253 ⁴

147 1258 207 1306 Haeo
217 1274 259 1306 sua
269 1258 378 1307 maternis
389 1258 493 1322 queritur
501 1259 571 1307 livere
581 1258 666 1307 eatenis
788 1262 820 1309 65

178 1323 287 1382 Brachia,
299 1338 343 1371 nee
352 1324 445 1371 meritas
455 1322 540 1387 frigida
550 1339 605 1371 saxa
615 1338 713 1371 manus:

147 1387 234 1435 Narrat
245 1388 427 1451 Hypermnestre
437 1403 550 1451 magnum
561 1404 628 1435 ausas
638 1403 686 1435 esse
695 1402 796 1447 sorores3

180 1452 209 1499 ln
220 1453 293 1500 scelus
303 1452 348 1499 boo
358 1452 464 1499 animum
475 1467 521 1500 non
533 1452 630 1500 valuisse
640 1466 718 1499 suum

148 1516 187 1564 Sic
197 1516 252 1564 ortis
262 1516 369 1580 lacrymis
380 1516 433 1565 vita
443 1532 552 1564 sanamus
562 1532 647 1564 amara.

180 1580 236 1627 Gelo
247 1596 289 1643 ego
299 1580 401 1643 perfidiae
412 1580 509 1629 erimina
517 1582 594 1629 multa
603 1590 656 1629 tuae.
788 1584 821 1639 70

147 1644 193 1693 Sed
205 1646 247 1693 tibi
257 1660 319 1691 nune
330 1645 438 1692 mandata
450 1646 541 1705 damus,
553 1646 641 1693 siforte
650 1646 757 1706 moveris,
809 1659 811 1662 ·

180 1709 206 1757 Si
217 1718 239 1757 te
247 1724 293 1757 non
305 1717 379 1756 totum
391 1709 492 1757 Doridos
501 1710 573 1758 herba
583 1718 660 1758 tenetr

147 1773 236 1821 Nutrix
247 1774 271 1821 in
283 1773 387 1821 tremulis
398 1774 484 1837 nequid
494 1774 606 1822 desideret
615 1774 682 1823 annis

181 1838 315 1886 Parthenie:
333 1838 416 1901 patuit,
428 1853 471 1886 neo
481 1838 523 1886 ubi
533 1855 603 1887 avara
612 1838 664 1886 fuir.
718 1894 722 1899 .

148 1903 291 1965 Deiioiaeque
301 1918 368 1961 meae,
380 1904 465 1962 Latris,
478 1904 527 1966 (eui
538 1910 622 1951 nornen
633 1903 730 1968 abusu)
788 1906 821 1961 75

148 1992 150 1999 ·
180 1967 220 2015 Ne
230 1968 349 2029 speculum
361 1967 461 2015 domine
470 1968 572 2031 porrigat
581 1969 623 2015 illa
632 1984 706 2018 nove.

149 2032 182 2079 Et
192 2046 351 2096 quoscumque
361 2046 413 2079 meo
423 2032 496 2081 fecisti
507 2033 600 2081 nomine
609 2048 696 2094 versus,

181 2094 229 2145 Ur'e
240 2094 313 2142 mihir
331 2095 411 2143 laudes
422 2097 499 2156 desine
509 2098 593 2145 habere
603 2112 673 2145 meas.

148 2160 214 2208 Pelle
223 2158 332 2207 hederam
343 2161 443 2219 tumulo,
454 2160 513 2207 mihi
524 2176 577 2224 quoe
587 2171 705 2224 pugnante
713 2164 822 2225 corymbo

180 2224 266 2272 Mollia
277 2224 384 2272 contortis
395 2225 476 2288 alliget
485 2239 537 2272 ossa
546 2226 626 2273 comis.
789 2228 821 2273 8⁰

148 2286 253 2337 Pomosis
263 2289 328 2336 Anio
338 2288 386 2352 quh
396 2289 507 2353 spumifer
517 2289 611 2338 incubat
622 2291 689 2350 arrh,
700 2304 702 2309 ·

180 2355 214 2401 Et
223 2366 343 2417 nunquam
356 2352 472 2401 Herculeo
482 2354 578 2403 numine
588 2355 660 2416 pailet
670 2358 735 2413 ebur,

148 2418 202 2465 Hoc
212 2432 304 2465 carmen
315 2417 400 2477 medii,
411 2418 510 2481 dignum
520 2433 567 2478 me,
579 2419 652 2467 scribe
661 2417 777 2479 solumne,

180 2481 226 2530 Sed
237 2482 313 2540 breve,
325 2482 389 2546 quod
397 2496 490 2531 currens
501 2492 577 2530 vector
587 2486 617 2531 ab
628 2484 692 2532 Urbe
702 2484 779 2548 leget:

148 2546 214 2595 ‘Hie
225 2546 351 2594 Tiburtini
358 2548 419 2608 jaoet
428 2562 499 2595 aurea
509 2547 611 2610 Cynthia
620 2549 695 2597 terri:
790 2550 822 2595 85

178 2610 284 2659 Aooesait
292 2610 349 2672 ripa
359 2611 418 2673 laus,
429 2611 532 2672 Aniene,
543 2613 605 2660 tua?
