1875 2917
145 96 176 143 64
321 97 513 147 CATULLUS.
531 97 641 148 LXVII.

146 222 204 284 Qut,
216 226 365 291 qui-cumque
374 226 463 291 aliquid
474 228 586 291 reperitur
596 242 642 275 nou
654 229 714 275 bene
725 227 824 293 factum,

176 289 219 337 Ad
229 305 268 339 me
278 306 359 339 omnes
370 292 485 339 clamant:
503 291 590 352 ianua,
601 292 670 356 culpa
680 301 722 339 tua
732 301 774 340 est.

426 390 542 437 Catullus.

119 464 268 523 'Nonistut
279 476 435 523 satisestuno
446 483 469 523 te
480 476 556 523 dicere
565 479 652 535 verb03
788 480 823 525 15

178 539 316 601 Sediscare,
327 548 355 587 ut
365 540 440 603 quivis
451 540 660 589 surfiatstvideat.
780 548 792 559 ²

437 638 531 685 lanua.

73 706 77 713 ’
146 715 320 781 Quipossum?
336 717 735 781 nemoquaerianeeseixetrbont

433 816 549 865 Catullus.

178 904 230 952 Nos
239 902 363 953 volumus:
379 904 446 953 nobis
455 904 531 955 disere
540 919 571 954 ue
580 904 670 955 dubita.

439 1003 530 1049 Jaaaa.

146 1088 254 1137 Primum
265 1089 344 1153 igitur,
356 1090 420 1153 virgo
430 1091 495 1155 quod
504 1091 577 1139 fertur
587 1091 671 1140 tradita
680 1091 756 1155 nobis,

178 1154 276 1201 Falsum
287 1164 329 1202 est.
361 1156 418 1203 Non
428 1154 495 1203 iiiam
505 1156 539 1204 vir
549 1156 611 1220 prior
621 1156 736 1219 attigerat,
788 1158 822 1205 2⁰

146 1218 291 1280 Languidior,
299 1219 378 1267 teneri
389 1218 443 1283 quoi
453 1219 556 1283 pendens
566 1220 639 1269 sicula
647 1221 710 1283 beai,

177 1283 308 1346 Nunquam
319 1300 342 1332 se
352 1284 452 1332 mediam
463 1285 557 1332 sustulit
567 1284 597 1332 ad
608 1285 725 1334 tunieamt

148 1346 194 1395 Sed
204 1356 268 1409 pater
278 1348 341 1396 illius
351 1349 400 1396 nati
411 1348 507 1397 violisse
517 1348 593 1397 cubile

178 1410 278 1471 Dicitur,
290 1421 313 1461 et
323 1413 430 1461 miseram
441 1413 604 1461 conscelerasse
614 1413 726 1470 domum3

146 1474 201 1523 Sive
212 1476 274 1539 quod
285 1474 357 1539 impia
367 1491 433 1523 mens
443 1492 502 1525 caeeo
512 1477 625 1540 flagrabat
634 1492 720 1536 amore,
788 1478 822 1523 25

177 1540 224 1587 Seu
234 1540 298 1602 quod
308 1540 368 1588 iners
379 1540 450 1588 sterili
460 1542 548 1589 semine
558 1550 626 1589 natus
636 1550 699 1597 erat;

145 1601 180 1649 Et
190 1602 340 1666 querendum
351 1603 413 1652 unde
423 1606 486 1661 unde
496 1606 554 1653 foret
563 1606 680 1654 nervosius
690 1605 759 1664 illud,

177 1666 251 1726 Quod
260 1678 338 1731 posset
346 1683 429 1717 aonam
440 1672 526 1719 solvere
536 1670 670 1735 virgineam.

424 1776 543 1823 Catullus.

145 1860 274 1923 Egregium
285 1877 363 1911 narras
372 1862 433 1911 miri
443 1864 528 1927 pietate
538 1874 665 1929 parentem,

177 1923 227 1983 Qui
236 1926 286 1989 ipse
296 1926 331 1975 sui
342 1927 391 1975 nati
401 1927 512 1977 minxerit
521 1928 546 1975 in
554 1930 680 2008 gremium.
788 1930 822 1979 30

436 2036 529 2082 Jaaua.

145 2118 221 2181 Atqui
232 2132 278 2166 non
289 2120 418 2169 solum-hoc
429 2134 453 2169 se
464 2120 519 2171 dicit
530 2123 648 2187 mgnitum
658 2123 742 2173 habere

177 2182 267 2241 Brixia,
280 2184 384 2247 Cycnaeae
394 2185 513 2249 supposita
622 2223 629 2248 ‚

146 2244 234 2294 Flavus
245 2264 316 2311 quam
327 2248 393 2297 moiii
403 2252 514 2313 percurrit
541 2253 620 2300 umine
630 2252 706 2311 Mela,

178 2310 268 2370 Brixia,
280 2313 379 2361 Veronae
389 2322 462 2362 mater
473 2324 550 2363 amata
560 2331 635 2373 meae3

145 2374 192 2421 Sed
202 2375 231 2423 de
242 2376 370 2436 Postumio,
382 2387 404 2425 et
415 2378 509 2427 Comeli
519 2389 595 2427 narrat
605 2396 691 2441 amore,
788 2381 823 2429 35

179 2438 240 2485 Cum
252 2441 336 2502 quibus
346 2441 388 2489 illa
397 2443 488 2490 malum
499 2442 552 2491 feeit
562 2444 710 2493 adulterium.

146 2498 240 2550 Dixerit
249 2502 288 2552 hic
298 2505 395 2569 aliquis:
415 2509 432 2536 “
444 2506 495 2582 Qui
506 2516 532 2554 tu
542 2508 613 2568 istaec,
622 2511 704 2569 janua,
715 2510 785 2569 nturi,

179 2562 243 2624 Quoi
254 2582 374 2633 nunquam
385 2568 474 2619 dourinr
485 2571 566 2620 limine
576 2576 654 2623 abesae
663 2572 726 2633 iicet,
