1875 2917
116 68 144 113 16
307 65 498 115 CATULLUS.
510 64 587 123 XXI.

145 193 210 241 Mihi
219 194 304 243 corolla
314 193 375 257 pieta
385 208 437 242 vere
447 194 549 257 ponitur,
766 190 785 235 6

145 258 209 305 Mihi
220 262 304 307 rubens
314 258 383 305 crista
393 258 440 305 sole
450 257 547 317 fervido,

145 322 209 369 Mihi
219 323 306 371 virente
316 321 390 369 dulcis
400 337 446 370 uvs
456 322 576 386 pampino,

145 386 281 461 Miliiqueg
280 388 347 435 leucu
357 386 415 433 duro
425 386 488 433 oliva
496 385 587 448 frigore.

146 450 208 499 Meis
219 450 513 515 espellndelicstspsscuis
752 444 784 490 10

146 514 177 561 In
187 517 270 563 urbem
280 514 360 562 adulta
369 516 428 562 lucte
438 522 514 577 portet
524 516 610 569 ubere,

146 577 287 643 Musque
258 594 357 691 (fungum
367 592 441 653 ugnus
451 593 481 626 ex
491 578 591 627 ovilibus

147 643 247 691 (imvein
274 658 355 691 omum
366 642 462 690 remittit
472 658 517 691 vsie
526 643 658 699 deiciam

147 708 292 771 Teneraque,
302 715 376 755 matre
386 707 512 769 mugiente,
523 706 617 754 vaccule

147 771 225 819 Deum
235 770 355 846 profundit
365 779 418 819 snte
429 770 517 833 templs
526 770 670 834 sanguinem.
753 767 785 812 15

148 836 236 897 Proin',
248 836 327 891 viator,
338 834 401 883 hunc
411 835 491 882 Deum
501 835 621 894 vereberis,

147 868 296 964 Msnuinque
306 914 395 947 sorsum
404 899 507 948 habebis·
526 898 580 947 Hoc
589 897 633 946 tibi
642 895 750 963 expedit3

149 965 234 1012 Ριιιιι
244 978 346 1027 nutuque
355 978 421 1023 crux,
432 964 482 1011 sine
491 971 541 1010 erte
550 963 661 1010 mentula.

147 1028 236 1087 Velim,
247 1028 314 1091 puls
307 1042 349 1091 mq
349 1028 398 1075 uis.
417 1035 449 1086 st,
460 1028 509 1089 pol,
521 1042 580 1086 ecce,
592 1027 682 1075 villicus

149 1092 235 1149 Venit,
253 1093 343 1141 valente
353 1106 409 1155 quoi
401 1091 511 1139 revulss
520 1091 613 1139 brechio
751 1090 786 1136 20

148 1156 189 1204 Fit
198 1156 242 1205 ista
251 1156 356 1205 mentula
366 1164 421 1219 sptu
431 1156 497 1205 tlsvs
505 1155 613 1203 dextere.

325 1356 480 1405 GARMEN
495 1355 569 1403 XXI.

358 1485 399 1531 Ad
409 1484 545 1533 Aurelium.

180 1612 273 1671 Aureli,
284 1620 350 1676 patei
359 1613 520 1674 esuritionum,

176 1678 235 1724 *Non
247 1677 330 1724 harum
341 1677 421 1737 mode,
432 1678 472 1725 sed
483 1686 540 1753 quot
550 1685 591 1725 sut
600 1677 704 1739 fusium,

181 1744 233 1787 Aut
244 1750 307 1798 sunt,
319 1750 360 1789 sut
370 1740 421 1789 aliis
431 1754 500 1789 erunt
509 1742 533 1789 in
545 1742 620 1803 annis,

181 1805 297 1853 Pedicare
309 1806 374 1869 cupis
384 1820 448 1854 meos
458 1806 564 1855 amores!

181 1869 316 1917 Necclum.
334 1870 520 1927 namsimules‚
535 1870 690 1931 jocerisund,
771 1872 788 1916 u
835 1886 848 1911 s

182 1932 264 1981 Haeres
274 1933 304 1981 ad
314 1934 390 1990 lstusi
408 1934 487 1981 omnis
496 1886 620 2010 exviesiris·

181 1996 292 2054 Ριιιιιιις
311 2012 364 2046 nain
375 1968 469 2045 iiisidies
480 1998 556 2045 mihi'
549 2007 700 2047 instruentem

182 2032 297 2137 Tsngeni·
300 2071 324 2110 te
333 2062 395 2126 prior
404 2062 562 2111 irrumstione

181 2125 297 2189 Atqui,
279 2142 299 2173 si
310 2126 334 2174 id
344 2126 429 2175 faceres
439 2135 511 2186 ιιιιιι,
523 2137 630 2176 tacerem

182 2189 271 2238 Nunc'
265 2206 340 2254 ipsum
352 2191 377 2238 id
387 2190 462 2248 doleo,
474 2191 538 2254 quod
548 2191 634 2239 esurire
759 2189 789 2236 10

181 2253 238 2301 Ah!
256 2269 322 2302 meus
331 2270 397 2318 puer,
409 2264 432 2303 et
441 2255 504 2302 sitire
514 2255 592 2303 discet.

181 2318 261 2376 Quare
271 2319 356 2374 desine
368 2318 426 2366 dum
436 2319 491 2366 licet
500 2319 592 2382 pudico,

182 2382 220 2429 Ne
231 2382 301 2430 linem
312 2383 389 2441 facins,
400 2382 456 2431 sed'
449 2396 582 2431 simmatus.
