1875 2917
140 111 173 157 50
334 107 518 158 utnunnus
534 108 581 158 lv.
600 109 622 156 1.

140 300 743 360 cimmeriorumetiamobscnrasaeccasitadarccs,

139 235 688 312 Apaquqvelcmtu,vetaesmuareugum
756 258 760 266 ·
781 235 814 283 63
909 213 928 317 l*

139 363 202 424 Quis
212 379 334 429 nunquam
344 365 455 414 candente
465 364 514 413 dics
524 365 703 429 apparuitortn,
780 364 814 410 65
918 350 919 372 ’

140 428 194 476 Sive
204 445 274 494 supra
284 439 354 478 terras
365 430 475 486 Phoebus,
487 445 527 477 seu
538 438 638 478 curreret
646 429 714 476 infra.

140 491 215 554 vidit,
226 502 262 552 ut,
273 493 362 542 interno
373 494 480 542 Plutonis
489 493 581 542 subdita
591 508 670 556 regno,

140 555 231 620 Magna
241 558 319 606 Deum
329 558 404 622 proles
414 558 503 606 levibus
513 557 647 606 &mma
656 557 754 605 umbris.

140 621 300 686 P'raetenitque
309 623 356 670 citt
367 622 473 670 Sirenum
483 621 552 670 litora
577 622 643 698 uppi.

140 685 295 746 Illum‚inter
304 686 402 750 geminae
412 695 507 734 nantem
626 684 715 746 mortis,
780 685 815 740 70
920 691 921 695 ’

140 750 192 798 Nec
202 751 285 814 Scyllae
295 766 355 798 sevo
365 751 489 798 conterruit
498 751 599 814 impetus
609 765 656 810 ore,

140 813 202 862 Cum
214 815 308 862 canibus
318 815 409 862 rabidas
419 814 479 862 inter
489 814 548 862 freta
558 824 658 878 serperet
666 813 743 862 undas
749 830 758 873 3

140 877 192 925 Nec
203 878 302 926 violenta
312 894 354 926 suo
364 878 490 926 consumsit
499 894 563 927 more
574 877 718 942 Charybdin

141 941 188 990 Vel
198 942 219 989 si
229 942 335 990 sublimis
344 943 417 990 fluctu
427 951 572 1006 consurgeret
582 944 639 1001 imo,

140 1005 187 1054 Vel
197 1005 217 1054 si
226 1006 354 1070 interrupto
363 1007 461 1054 nuncet
471 1007 562 1070 gurgite
571 1014 677 1071 pontum.
781 1006 815 1061 to

140 1069 197 1117 Non
208 1069 292 1118 violua
301 1071 354 1134 vagi
365 1071 475 1118 sileantur
484 1087 570 1135 pmua
579 1071 649 1131 Solis,

141 1133 197 1181 Non
208 1149 281 1193 amor,
293 1134 421 1184 ettennon
430 1135 565 1184 Atlantidos
575 1152 630 1184 arva
640 1135 764 1199 cuppane,

140 1197 207 1246 Finis
217 1207 240 1247 et
250 1214 352 1247 errorum
362 1198 454 1259 misero,
465 1199 573 1247 Phaeadn
582 1200 658 1248 tellus.

139 1262 221 1326 Atque
231 1263 280 1312 haec
290 1279 330 1312 eeu
340 1272 428 1311 nostras
439 1263 499 1312 inter
508 1273 563 1312 sunt
573 1264 665 1327 cognita
673 1270 754 1324 terras,

140 1326 231 1375 Fabula
241 1328 288 1376 sive
298 1343 383 1377 novum
395 1328 458 1388 dedit
468 1327 505 1376 his
515 1328 629 1377 erroribus
639 1329 728 1388 orbern,
782 1329 815 1376 tto

140 1391 177 1440 Sit
186 1391 252 1440 labor
261 1393 333 1452 illius,
345 1401 386 1440 tua
395 1391 452 1440 dum
462 1391 572 1440 &cumdio
582 1394 665 1455 maior.

140 1456 198 1504 Jam
209 1464 232 1505 te
242 1471 288 1504 non
299 1457 359 1504 aliua
368 1455 424 1504 belli
435 1464 497 1506 tenet
507 1456 584 1518 aptius
593 1465 668 1505 anese

46 1566 48 1571 .
140 1518 197 1579 Qut
206 1520 285 1568 deceat
294 1527 369 1568 tutam
380 1521 459 1569 oestris
469 1521 599 1584 producere
608 1521 710 1578 fossam3

140 1582 248 1643 Qualiter
257 1583 362 1632 adversm
372 1582 433 1632 hosti
443 1585 542 1648 defigere
551 1600 643 1644 cervos3
706 1605 709 1608 ⁴

140 1646 248 1707 Quemve
255 1649 333 1696 locum
343 1648 413 1696 (lucto
423 1649 506 1697 melius
517 1649 546 1698 sit
556 1650 662 1698 chudem
672 1648 751 1707 vallo;
783 1651 815 1697 ut

140 1711 254 1760 Fontibus
264 1720 291 1760 ut
300 1712 378 1760 dulces
388 1723 495 1778 erumpat
505 1721 565 1762 terra
574 1713 684 1779 liquores,

141 1773 177 1823 Ut
188 1775 306 1840 facilisque
317 1777 363 1826 tuis
374 1776 450 1826 editus
460 1779 498 1837 sit,
510 1786 534 1826 et
543 1778 629 1826 arduus
639 1778 717 1836 hosti3

140 1837 229 1888 laudo
240 1850 263 1889 et
274 1841 366 1890 assiduo
377 1841 453 1904 vigeat
463 1843 587 1891 certamine
597 1843 673 1901 miles,

141 1902 203 1962 Quis
213 1905 332 1954 urdomve
342 1905 422 1953 sudem
435 1906 527 1964 melius,
537 1907 662 1955 celeremue
672 1905 782 1970 sagittam

139 1967 235 2028 lecerit,
246 1970 359 2018 autlento
370 1969 503 2034 perfregerit
512 1971 581 2019 obvia
589 1971 653 2036 psso;
783 1972 816 2019 9⁰

139 2031 193 2079 Aut
203 2033 254 2096 quis
266 2049 352 2096 equum
363 2033 459 2082 celerem
470 2043 556 2083 arctato
568 2051 709 2098 compescere
719 2035 786 2084 freno

141 2096 226 2156 Possit,
238 2106 260 2145 et
270 2097 353 2146 effusas
363 2097 429 2145 tardo
439 2099 570 2161 permittere
580 2100 697 2156 helvenace

141 2159 218 2224 Inque
227 2161 300 2210 vicem
308 2162 378 2211 modo
388 2161 474 2210 dneoto
483 2164 619 2212 contendere
628 2179 713 2221 unane

141 2226 187 2274 Seu
198 2225 269 2274 libeat
280 2241 349 2274 curvo
359 2227 451 2275 brevius
461 2229 597 2291 compellere
605 2243 680 2292 gpro3

140 2288 211 2347 Quis,
223 2291 305 2353 peruri.
315 2307 355 2339 scu
366 2290 447 2339 dextra
457 2292 513 2339 velit
523 2308 562 2340 seu
573 2293 632 2340 laeva
642 2293 710 2351 tueri,
783 2294 815 2342 95

141 2351 195 2399 Siue
206 2353 249 2401 hae
259 2355 307 2402 sive
317 2355 370 2402 illac
381 2355 458 2403 veniat
468 2357 544 2417 gravis
553 2356 655 2420 impetus
665 2356 746 2418 hate,

141 2416 260 2478 Amplior,
273 2427 314 2466 eut
324 2419 413 2481 ngnats
423 2419 469 2466 citt
478 2419 529 2467 loca
539 2427 632 2483 tangere
642 2419 725 2469 fundi.

142 2477 208 2536 Jam,
220 2480 291 2528 simul
301 2482 393 2530 andans
403 2482 500 2530 veniunt
509 2484 633 2532 certamina
644 2484 739 2543 Martis,

142 2538 299 2618 Adversisme
309 2553 393 2610 parent
402 2546 462 2594 acles
472 2561 605 2596 concurrere
614 2548 695 2612 signis,

144 2602 214 2651 Tunc
224 2605 267 2654 tibi
277 2623 323 2656 non
334 2608 393 2656 (lesit
402 2609 484 2658 taciem
495 2625 631 2675 componere
640 2628 742 2677 pugn1e3
772 2613 820 2662 lou
