1875 2917
136 80 182 129 116
306 79 536 130 PROPERTIUS·
552 78 600 128 IV·
615 76 638 132 7·

133 209 293 273 spirantisque
302 209 401 271 animos,
413 218 436 258 et
446 224 526 257 vocem
536 207 613 257 misit:
631 214 656 254 at
665 204 701 253 illi
778 204 807 251 ll

165 274 291 323 Pollicibus
301 274 394 338 fragiles
404 274 537 336 increpuisse
547 286 645 320 manus:

133 341 151 367 ‘⁴
159 339 257 397 Perside,
268 352 311 387 nec
321 339 429 402 cuiquam
440 337 522 385 melior
532 336 643 400 sperartde
653 334 746 398 puellus,

165 403 195 451 In
206 411 229 451 te
237 404 287 464 jam
297 403 355 451 vires
365 417 459 451 somnus
469 401 554 449 habere
563 399 655 464 potest?

133 468 221 516 Jamne
231 467 274 517 tibi
285 468 416 516 exciderunt
426 466 528 529 vigilucis
538 466 600 513 ture
612 465 718 525 Sabure,
776 464 806 510 15

163 531 256 579 Etmee
266 531 382 581 nocturnis
393 531 447 579 trita
457 530 555 577 fenestre
565 529 643 577 dolis?

134 596 181 643 Per
191 612 262 660 quam
273 596 370 645 demisso
381 596 469 659 quoties
481 595 524 642 tibi
534 594 590 641 fune
600 592 709 657 pependi,

163 660 264 709 Alternis
274 660 366 709 veniens
375 660 400 706 in
410 668 451 707 tna
461 658 521 706 colla
531 673 602 705 manu
612 658 619 704 l

132 724 199 787 Saepe
210 724 291 773 Venus
301 724 368 772 trivio
378 724 508 779 commissa,
520 731 543 770 et
552 730 643 785 pectore
652 720 728 768 mixto

165 788 544 852 Fecemnttepidaspnllianostra
554 786 609 834 vias.
771 786 805 831 20

133 852 234 901 Foederis
244 854 290 901 heu
301 852 378 900 taciti!
398 853 465 913 eujus
475 850 567 899 fallacia
577 852 647 898 verbe

165 916 190 963 N
191 932 220 964 on
231 916 331 965 audituri
341 916 456 980 diripuere
467 916 533 963 Noti.

133 980 170 1027 At
180 980 239 1028 mihi
249 996 295 1029 non
306 980 385 1028 oculos
396 980 521 1044 quisquam
533 978 650 1027 inclinavit
661 986 753 1025 euntes:

165 1046 247 1093 Unum
257 1046 424 1108 impendissem,
435 1053 458 1092 te
468 1052 597 1103 revocante,
608 1043 677 1091 diem.

133 1108 185 1156 Nec
195 1110 283 1173 crepuit
293 1110 356 1165 fissis,
368 1126 406 1157 me
415 1117 517 1173 propter,
529 1108 642 1155 arundine
652 1115 744 1165 custos3
772 1107 805 1153 25

165 1173 237 1221 Laesit
248 1183 270 1223 et
281 1176 396 1236 objectum
407 1174 486 1237 tegula
495 1180 560 1220 curta
570 1180 646 1235 ceput.

132 1235 242 1304 Denique
252 1239 305 1304 quis
315 1246 393 1287 nostro
404 1252 501 1287 curvum
511 1246 535 1285 te
544 1236 625 1284 funere
634 1236 712 1284 vidit?

164 1302 251 1351 Atrern
261 1303 314 1367 quis
323 1302 431 1367 lacrymis
442 1300 562 1349 incaluisse
572 1300 669 1363 togam?

133 1366 159 1414 si
169 1367 245 1431 piguit
255 1376 331 1429 portes
341 1368 403 1414 ultra
412 1366 541 1429 procedere,
553 1373 578 1412 st
587 1365 644 1413 illuc

164 1432 277 1480 dussisses
289 1432 375 1480 lectum
385 1431 469 1479 lentius
479 1430 513 1478 ire
522 1445 611 1477 meum.
773 1428 805 1474 30

132 1495 182 1543 Cur
192 1505 270 1544 ventos
280 1511 327 1543 non
337 1496 386 1560 ipse
396 1495 466 1558 rogis,
477 1494 575 1557 ingrate,
587 1493 683 1557 petisti?

165 1559 215 1608 Cur
224 1560 296 1608 nardo
306 1561 407 1607 flammoe
417 1574 462 1607 non
474 1559 553 1606 oluere
562 1561 640 1606 meae?

133 1623 187 1671 Hoc
198 1624 267 1672 etiam
278 1640 347 1688 grave
357 1633 413 1684 erat,
425 1623 491 1671 nulli
502 1622 606 1671 mercede
615 1620 750 1686 hyacinthos

151 1719 154 1731 ,
165 1688 270 1749 Injicere,
283 1697 305 1736 et
315 1689 387 1736 fractu
397 1690 466 1737 busta
476 1687 540 1751 piare
550 1687 626 1735 cado?

133 1752 271 1815 Lygdamus
281 1753 501 1815 uraturqcandescet
511 1752 599 1799 lamina
609 1765 691 1798 venre.
774 1748 806 1794 35

166 1818 242 1871 (Sensi
252 1832 304 1880 ego,
315 1832 369 1865 cum
380 1817 468 1864 insidiis
478 1816 567 1880 pallida
576 1816 630 1863 vina
639 1814 708 1875 bibi.)

131 1881 185 1929 Aut
196 1882 286 1929 Nomas
296 1896 390 1929 arcanas
402 1882 467 1929 tollet
478 1889 571 1929 versuta
581 1881 670 1928 salivas.

164 1945 233 1993 Dicet
244 1945 364 1992 damnatas
374 1945 443 2008 ignea
453 1954 512 1993 testa
521 1959 613 1992 manus.

132 2009 194 2071 Quae
204 2009 273 2057 modo
283 2026 324 2073 per
334 2009 390 2057 viles
400 2010 504 2072 inspecta
514 2018 548 2056 est
557 2008 651 2072 publiea
660 2015 747 2068 noctes,

165 2074 224 2121 Haec
235 2088 297 2121 nunc
307 2074 388 2121 aurati
397 2074 491 2138 cyclade
500 2073 576 2136 signat
587 2073 701 2120 humum:
774 2071 807 2118 40

130 2138 165 2186 Et
175 2138 280 2201 graviore
290 2137 395 2202 rependit
405 2138 491 2201 iniquis
501 2152 573 2200 pensa
582 2136 696 2201 quasillis,

166 2203 265 2250 Garrula
276 2203 305 2250 de
315 2202 373 2249 facie
384 2202 451 2267 siqua
461 2204 539 2250 locuta
548 2202 602 2249 mels
612 2210 653 2249 est.

132 2267 264 2329 Nostraque
275 2266 338 2330 quod
349 2266 429 2313 Petale
440 2267 494 2313 tulit
504 2266 534 2313 ed
545 2265 688 2313 monimenta
695 2279 800 2325 coronas,

164 2330 254 2378 Codicis
265 2330 382 2377 immundi
393 2330 486 2377 vincula
496 2330 565 2377 sentit
575 2344 641 2377 anus.

133 2389 237 2445 celticus
247 2403 270 2442 et
281 2395 369 2457 Lalage
379 2394 445 2442 tortis
455 2409 566 2458 suspense
575 2393 674 2459 cupillis,
776 2396 809 2441 to

164 2455 210 2501 Per
221 2470 305 2505 nomen
317 2458 427 2521 quoniam
438 2467 472 2507 est
482 2474 538 2506 ausa
548 2474 627 2521 rogare
637 2474 725 2507 meum·

135 2512 172 2561 Te
182 2519 291 2578 patiente,
302 2536 360 2569 mets
370 2522 478 2571 conflavit
489 2522 597 2585 imaginis
608 2538 702 2585 annun,

164 2578 264 2629 Ardenti
275 2594 352 2633 nostro
362 2586 440 2635 dotem
452 2586 560 2635 habitura
570 2602 634 2650 rogo.
