1875 2917
157 83 188 128 1⁰
333 81 562 132 PROPERTIUS.
579 83 601 130 I·
616 83 640 137 ·7.

151 209 738 276 Swpdibusmmmnmmoammmh
793 214 826 262 33

187 273 244 331 Ibis,
255 281 278 321 et
288 275 373 338 aroepti
383 291 436 338 pars
446 277 490 323 eris
500 276 609 339 impenii3

154 336 219 384 Tum
230 337 273 384 tibi
283 337 350 401 siqua
360 339 407 386 mei
417 339 493 387 veniet
502 354 549 388 non
559 340 682 390 immernor
694 341 761 403 hora,
794 342 826 389 35

186 401 271 449 Vivere
281 417 319 450 me
329 403 387 450 duro
398 403 472 451 sidere
481 412 556 454 nortus
566 405 617 453 eris.

382 609 515 657 annom
532 611 592 660 vu.
660 583 663 590 ’

337 735 379 782 Au
389 740 527 798 Ponticum,
536 743 645 789 Potum.

153 859 220 910 Dum
231 863 273 911 tibi
284 864 392 913 Cadmeae
402 867 519 929 dicunmr,
531 871 634 931 Ponfioe,
645 869 743 930 Thebae,
803 876 805 879 '
819 871 825 880 ’

185 928 306 992 Armaque
316 929 422 978 fratemae
432 933 506 981 tristis
515 935 620 992 milium
658 967 661 972 -
691 987 695 994 ,
737 967 740 971 ν
817 980 821 1008 i

152 989 234 1054 Atque
245 993 289 1055 (ita
298 993 342 1040 sim
352 993 419 1055 felix)
430 997 506 1059 primo
515 998 633 1046 oontendis
644 999 759 1067 Homero,

183 1055 235 1103 Sint
245 1057 314 1104 modo
325 1057 373 1105 fata
384 1059 429 1108 tuis
439 1062 520 1110 mollia
530 1063 686 1122 carminibus3
733 1085 737 1089 ’
816 1092 824 1099 ·

151 1117 212 1181 Nos,
223 1129 251 1167 ut
260 1123 406 1183 manemus,
416 1135 505 1174 nostros
515 1127 629 1190 agitamus
639 1123 738 1186 naiores,
808 1129 824 1174 5

157 1185 158 1192 ’
182 1183 264 1247 Atque
274 1186 362 1248 aliquid
373 1187 456 1237 duram
467 1192 593 1254 quaerimus
602 1191 627 1238 in
638 1190 764 1238 dominam.

151 1247 203 1294 Neo
213 1253 304 1297 tantum
315 1251 416 1314 ingenio,
428 1263 543 1317 quantum
554 1255 637 1303 servire
646 1254 719 1302 dolori

112 1339 116 1349 ·
183 1312 267 1376 Cogor,
279 1323 302 1362 et
312 1317 385 1363 aetafis
396 1325 500 1380 tempora
510 1318 568 1367 dura
578 1319 650 1382 queri.
811 1351 814 1359 ·

150 1374 198 1423 Hic
209 1378 267 1425 mihi
277 1380 400 1428 oonteritur
407 1381 460 1442 vitae3
467 1383 565 1439 modus3
582 1383 632 1431 haro
639 1398 692 1430 mea
698 1383 763 1431 foma
774 1391 824 1431 est:

184 1441 248 1489 Hinc
258 1443 326 1506 cupio
336 1442 538 1495 nomen'camrinis
548 1449 581 1496 ire
591 1447 644 1495 mei.
794 1448 824 1518 lo

151 1503 194 1552 Me
204 1506 298 1566 laudent
308 1507 380 1556 doctae
390 1509 464 1558 solum
472 1507 591 1573 ‘placuisse
601 1511 693 1574 puella,

183 1568 286 1630 Pontice,
298 1579 321 1618 et
331 1571 427 1633 injustas
438 1590 497 1636 saepe
508 1576 587 1624 tulisse
596 1575 680 1623 minna.

150 1631 193 1680 Me
202 1633 265 1696 legat
275 1635 364 1683 assidue
373 1645 425 1700 post
435 1639 485 1686 haeo
495 1641 611 1702 neglectus
621 1648 724 1697 amator3

184 1697 218 1744 Et
227 1699 314 1761 prosint
324 1699 359 1746 illi
369 1702 460 1764 cognita
469 1712 547 1752 nostra
556 1705 626 1752 mala.
715 1708 718 1713 ’

149 1759 187 1808 'l'e
195 1777 287 1825 quoque
298 1763 318 1810 si
328 1773 388 1812 certo
398 1782 455 1828 puer
464 1767 503 1815 hic
513 1769 650 1817 concusserit
660 1785 723 1828 asu,
792 1770 823 1816 15

156 1833 158 1838 '
182 1825 265 1888 (Quod
275 1828 347 1874 nolim
358 1839 447 1878 nostros
458 1832 568 1880 evoliiisse
577 1832 651 1894 Deos)

149 1887 231 1952 Longe
241 1899 314 1938 oestro
324 1892 375 1953 tibi,
386 1895 455 1958 longe
465 1896 535 1944 miser
544 1898 638 1960 agmina
648 1904 736 1961 septem
761 1902 766 1907 ’

181 1951 259 2002 Flebis
269 1955 294 2002 in
306 1965 390 2004 aeterno
401 1959 470 2007 surda
478 1961 552 2021 jaoere
563 1962 624 2009 situs

148 2015 182 2064 Et
192 2017 275 2066 frustra
286 2021 363 2082 cupies
373 2023 468 2071 mollem
479 2039 614 2088 oomponere
627 2042 734 2084 versum3

182 2081 233 2130 Neo
243 2083 286 2131 tibi
296 2085 400 2146 subjiciet
410 2087 512 2136 carnrina
522 2105 585 2138 serus
592 2091 676 2138 Amor.
789 2093 821 2140 2⁰

149 2143 218 2194 Tunc
228 2161 266 2194 me
276 2162 322 2195 non
332 2149 446 2199 humilem
456 2152 568 2202 mirabere
577 2169 637 2218 aaepe
647 2154 740 2217 potitam
746 2173 756 2215 ;
814 2152 821 2163 ⁸

181 2207 249 2258 Tunc
259 2227 302 2274 ego
312 2213 425 2262 Romanis
436 2216 543 2278 praeferar
553 2218 666 2281 ingeniis:

149 2273 200 2322 Neo
209 2283 317 2337 poterunt
325 2278 421 2338 juvenes
431 2289 508 2328 nostro
518 2283 610 2329 reticere
620 2282 733 2346 sepulcro,
751 2280 755 2288 “
816 2284 820 2288 ’

183 2339 201 2366 “
212 2339 308 2387 Ardoris
319 2344 390 2389 nostri
401 2359 485 2406 magne
495 2346 573 2406 potita,
582 2348 670 2407 jaces.”

150 2399 190 2466 Tu
200 2415 254 2450 oave
264 2412 342 2452 nostra
352 2414 392 2453 tuo
402 2415 534 2456 contemnas
545 2410 646 2458 oarrnina
656 2411 732 2460 fastu:
788 2414 819 2459 25

180 2463 246 2527 Sapo
257 2468 319 2515 venit
328 2484 413 2534 magno
424 2471 508 2521 foenore
519 2474 598 2524 tardus
612 2475 693 2523 Amor.
