1875 2917
147 95 178 141 42
342 95 532 148 CATULLUS.
549 100 619 147 LXI.

246 224 357 289 Adspice,
368 226 431 275 intus
442 228 590 276 utneoubnns

145 322 148 329 -
184 328 187 332 .
248 287 293 337 Vir
301 298 355 339 tuus
367 292 440 355 Tyrio
449 292 475 339 in
484 304 543 351 toro,

252 354 328 403 Totus
338 356 459 404 immineat
469 357 519 405 tibi.

250 418 278 465 Io
290 418 386 483 Hymen
398 421 536 485 Hymenaee,
548 422 586 469 io!

318 484 346 531 Io
357 485 453 549 Hymen
464 487 610 550 Hymenaee!

254 548 303 607 Illi,
315 562 362 595 non
372 550 451 597 minus
461 566 489 597 ac
498 551 551 608 tibi,
583 570 587 577 ·

147 612 153 625 ’“
188 630 190 636 ·
254 612 349 659 Pectore
359 614 434 661 urinis
445 614 529 661 intimo

254 676 372 737 Flamma,
385 678 425 725 sed
436 679 514 740 penite
524 679 607 741 magis.

255 741 284 788 Io
294 741 390 801 Hymen
402 742 541 806 Hymenaee,
551 742 589 790 io!

320 806 348 851 lo
361 805 386 852 H
429 821 457 853 en
469 807 614 870 Hymenaee!

256 869 328 916 Mitte
337 870 365 915 br
409 869 483 918 ’olum
493 879 559 931 teres,

257 932 404 993 Praeoextete,
415 935 544 998 puellu1ae3

257 997 315 1045 Jam
326 997 402 1045 cubile
412 999 496 1047 adeant
506 1000 557 1047 viri.

257 1061 285 1109 Io
296 1061 393 1123 Hymen
404 1064 542 1127 Hymenaee,
553 1064 592 1112 io!

323 1124 352 1173 Io
362 1126 459 1191 Hymen
471 1128 616 1194 Hymenaei

258 1189 309 1237 Vos
318 1190 394 1251 bonae,
406 1192 500 1240 senibus
510 1193 565 1241 viris

152 1268 154 1273 ·
165 1278 168 1283 ·
258 1253 365 1317 Cognitae
374 1258 434 1305 bene
443 1256 546 1317 femine,

259 1318 376 1369 Collooste
385 1321 521 1385 puellulam.

261 1383 290 1432 Io
300 1382 326 1431 Η
368 1400 398 1434 en
408 1386 546 1451 Hymenaee,
557 1386 595 1436 iol

340 1464 354 1497 o
364 1450 460 1514 Hymen
472 1452 616 1514 Hymenaei

260 1512 319 1561 Jnm
328 1512 382 1561 lieet
392 1514 479 1573 verrius,
489 1516 561 1562 msri.

260 1584 299 1623 ter
317 1590 376 1623 uxor
386 1576 411 1623 in
422 1576 526 1626 thalamo
536 1587 571 1627 est
581 1580 623 1628 tibi

261 1638 310 1687 Ore
319 1638 426 1687 floridulo
435 1641 527 1698 nitens;

261 1701 326 1750 Albe
335 1704 466 1765 parthenice
477 1706 550 1765 velut,
633 1732 637 1739 -

325 1766 457 1817 Luteumve
467 1784 576 1833 peperer-
600 1790 603 1796 ¹

259 1831 296 1878 At
304 1832 386 1880 marite
397 1832 446 1895 (ita
455 1848 494 1882 me
501 1835 585 1897 juvent

261 1894 367 1958 Goelites)
376 1896 449 1944 nihilo
459 1898 538 1947 minus

261 1959 363 2008 Pulcher
374 1976 406 2020 es,
417 1975 493 2025 neque
503 1971 526 2010 te
536 1963 619 2011 Venus

262 2023 374 2087 Negligit.
408 2025 454 2073 Sed
465 2027 514 2074 abit
524 2026 573 2074 dies
582 2045 589 2074 τ

325 2089 413 2153 Perge3
431 2102 461 2137 ne
470 2105 590 2139 remorare.

261 2153 318 2201 Non
328 2154 368 2201 diu
377 2161 506 2202 remoratum
516 2170 547 2203 es

261 2217 318 2265 Jem
329 2218 401 2267 venis·
435 2218 503 2266 Bona
513 2228 537 2267 te
547 2218 628 2269 Venus

262 2282 281 2330 J
281 2282 363 2341 uverit,
375 2283 485 2347 quoniam
495 2285 582 2347 palam,

262 2345 333 2404 Quod
345 2347 418 2410 cupis,
430 2348 502 2409 capis,
513 2358 537 2395 et
547 2351 634 2396 bonum

328 2411 383 2458 Non
395 2410 515 2458 abscondis
525 2426 636 2461 amorem.

264 2474 309 2521 Ille
319 2475 395 2538 pulvis
405 2474 518 2537 Erythrii,

159 2534 171 2577 (A
183 2578 186 2585 ,
199 2570 202 2577 1
264 2538 416 2601 siderumque
426 2539 573 2600 micantium
640 2572 643 2577 -
