1875 2917
64 66 66 69 ·
160 67 192 111 rr
270 38 272 45 ’
346 63 541 113 susumus.
555 62 651 110 nxrv.

162 193 240 241 Prone
250 192 319 251 cudit,
330 192 423 256 lsteque
433 200 457 239 et
466 191 597 239 comminus
606 190 675 239 obvie
684 189 822 252 frsugeust·

161 257 200 305 Sic
211 257 299 305 domito
309 272 397 307 serum
407 256 531 319 prostravit
540 270 634 317 corpore
644 254 751 302 Theseus
791 254 839 301 110
929 267 931 304 3

162 322 331 385 Nequidquam
342 322 408 369 venis
416 323 545 383 jactantem
555 335 642 369 coruus
651 318 734 367 ventis.

164 385 225 433 Inde
235 386 318 449 pedem
329 400 405 450 sospes
415 386 494 433 multi
502 401 557 433 cum
567 384 637 432 leude
646 382 745 443 reflexit,

161 449 301 499 Errsbunde
313 466 394 513 regens
404 451 469 498 tenui
479 449 575 513 vestigis
584 449 640 509 lilo3

162 516 202 563 Ne
212 514 363 578 labyrintheis
373 532 387 563 e
396 516 497 563 flexibus
506 513 663 577 egredientem

162 578 230 627 'l'ecti
239 579 388 629 frustraretur
397 578 572 627 inobservabilis
582 593 650 625 error.
793 576 841 623 ltn

162 643 209 691 Sed
219 644 277 707 quid
287 660 338 707 ego,
350 659 365 691 e
374 644 451 705 primo
461 643 577 705 digressus
587 642 697 702 eermine,
709 640 779 703 pluro
833 656 836 661 ·

163 707 368 757 Commemorem?
384 715 412 755 ut
421 706 529 771 linquens
538 706 649 770 genitoris
658 706 708 755 iilis
715 706 818 764 vultum,

162 771 198 821 Ut
208 772 383 835 consanguineos
390 772 549 835 complexum,
560 780 589 819 ut
598 771 698 834 denique
707 770 801 830 metris,

162 835 236 898 [Quo
245 836 329 883 misere
338 836 364 884 in
375 836 433 884 neti
442 836 507 884 flevit
516 836 657 899 deperdits‚l
667 836 721 883 laets

162 898 281 948 Omnibus
291 899 327 948 bis
338 900 424 949 Thesei
434 900 528 949 dulcem
537 899 671 962 preoptirit
680 901 804 947 emoresn?

162 963 215 1011 Aut
225 973 253 1012 ut
265 972 330 1012 vecte
340 966 395 1013 rotis
405 980 516 1027 spumosa
526 964 557 1011 sd
565 964 636 1011 litore
644 962 718 1012 Due?
791 964 837 1011 121

162 1028 215 1076 Aut
226 1036 253 1076 ut
263 1042 324 1089 esm,
336 1029 395 1077 tristi
405 1030 536 1079 devinctum
545 1028 637 1076 lumine
646 1043 737 1087 somno,

163 1092 271 1157 Iriquerit
280 1094 412 1141 immemori
422 1094 540 1141 discedens
550 1102 640 1156 pectore
650 1091 753 1154 conjux?

163 1158 230 1219 Saepe
240 1157 305 1205 illem
316 1157 437 1220 perbibent
447 1157 537 1206 ardenti
547 1158 614 1207 eorde
623 1157 741 1205 furentem

163 1220 294 1271 Clerisones
303 1223 352 1271 imo
362 1222 660 1286 tumesepoetorevooes,
792 1220 839 1267 126

161 1286 201 1334 Ae
210 1293 262 1335 tum
272 1296 401 1363 proruptus
411 1288 502 1335 tristem
512 1286 661 1335 omseendere
670 1293 771 1345 montes,

165 1350 235 1399 Unde
245 1367 318 1399 serem
329 1352 354 1401 in
365 1353 442 1415 pelugi
452 1359 530 1401 vestus
540 1350 686 1413 protenderet
695 1358 781 1407 estur

165 1413 231 1463 Tum
242 1416 335 1465 tremuli
346 1416 399 1463 salis
408 1416 513 1464 adversus
523 1430 656 1477 procurrere
665 1415 692 1463 in
701 1413 785 1474 undas,

164 1478 251 1528 Mollis
261 1480 355 1527 nudetre
365 1480 684 1541 tollentemtegminnsurte3
826 1531 829 1535 ,

163 1543 246 1607 Atque
256 1544 306 1591 her
316 1544 423 1591 extremis
433 1551 540 1591 mestum
550 1543 636 1593 dixisse
645 1542 754 1609 querelis,
794 1542 842 1591 luo

164 1606 297 1669 Frigidulos
307 1607 355 1655 udo
365 1608 482 1683 sistqultus
491 1622 531 1656 ore
540 1608 654 1657 cientemr

197 1672 286 1719 Siccine
295 1688 342 1733 me,
353 1672 434 1735 patriis
444 1681 557 1732 evectum,
567 1672 664 1736 perfide,
674 1674 704 1723 eb
714 1671 769 1732 oris,

165 1735 269 1797 Perfide,
278 1736 367 1785 deserto
376 1735 466 1801 liquisti
476 1737 503 1785 in
510 1738 586 1797 litore,
599 1737 712 1785 Theseu?

164 1800 261 1860 Siccine,
273 1800 400 1859 discedens,
412 1802 516 1864 neglecto
526 1801 624 1851 numine
634 1800 732 1861 Divtm,
826 1835 830 1841 ,

165 1864 303 1924 Immemor,
311 1864 357 1913 eh!
376 1865 458 1915 devote
465 1866 564 1914 domum
574 1865 676 1929 perjuris
682 1867 779 1929 portasi
793 1862 841 1912 135

165 1928 269 1977 Nullane
279 1944 315 1977 res
325 1930 402 1991 potuit
412 1930 510 1979 crudelis
521 1930 610 1978 flectere
619 1931 704 1978 mentis

166 1992 314 2041 Consilium?
330 1994 374 2042 tibi
383 1995 450 2042 nulls
460 1995 506 2043 fuit
516 1994 638 2043 elenenm
647 2003 740 2057 presto,

166 2055 262 2105 Immite
273 2067 300 2105 ut
309 2057 383 2106 nostri
392 2059 461 2107 vellet
473 2058 640 2123 [miserescere]
650 2060 749 2123 pectus?

164 2121 200 2169 At
210 2135 257 2169 uon
267 2120 317 2169 hec
328 2122 447 2186 quondum
458 2124 526 2172 nobis
535 2123 650 2187 promisse
660 2122 744 2171 dedisti

164 2184 242 2234 Voce:
260 2186 319 2234 mihi
330 2202 376 2234 nou
387 2187 431 2236 hoc
440 2188 531 2237 misere
541 2203 631 2251 sperere
638 2188 752 2249 jubebam
794 2186 842 2235 lto

164 2249 211 2297 Sed
222 2252 337 2298 connubia
347 2250 409 2311 leta,
421 2252 460 2300 sed
471 2261 561 2315 optutus
570 2252 718 2315 hymeram

165 2312 227 2371 Quo
237 2324 320 2363 cuncta
330 2316 386 2363 sirii
397 2316 529 2379 discerpunt
539 2316 604 2364 irritu
614 2316 684 2364 venti.

165 2377 224 2425 Jem
233 2380 283 2439 jem
294 2380 360 2428 nulls
370 2380 419 2428 viro
427 2380 516 2442 juranti
524 2380 613 2428 femine
623 2380 715 2439 medet3

165 2439 241 2489 Nulla
252 2443 295 2491 viri
305 2452 381 2507 speret
392 2459 507 2493 sermones
517 2460 566 2493 esse
575 2444 671 2493 fidelesr

166 2502 225 2578 Qui,
237 2505 296 2555 dum
306 2508 395 2572 aliquid
406 2509 501 2572 cupiens
510 2508 603 2557 enimus
613 2508 730 2571 pregestit
739 2506 821 2570 apisci,

166 2566 209 2615 Nil
219 2578 328 2620 metuunt
336 2574 422 2635 jurare,
434 2572 494 2621 nihil
503 2573 636 2635 promittere
646 2580 758 2635 percunt:
796 2572 843 2622 146
