<?xml version="1.0" encoding="UTF-8"?>
<!DOCTYPE html PUBLIC "-//W3C//DTD XHTML 1.0 Transitional//EN"
    "http://www.w3.org/TR/xhtml1/DTD/xhtml1-transitional.dtd">
<html xmlns="http://www.w3.org/1999/xhtml" xml:lang="en" lang="en">
 <head>
  <title>
</title>
<meta http-equiv="Content-Type" content="text/html;charset=utf-8" />
  <meta name='ocr-system' content='tesseract 3.04.00' />
  <meta name='ocr-capabilities' content='ocr_page ocr_carea ocr_par ocr_line ocrx_word'/>
</head>
<body>
  <div class='ocr_page' id='page_1' title='image "./catullitibullie00caregoog_0274.png"; bbox 0 0 1875 2917; ppageno 0'>
   <div class='ocr_carea' id='block_1_1' title="bbox 135 100 634 152">
    <p class='ocr_par' dir='ltr' id='par_1_1' title="bbox 135 100 634 152">
     <span class='ocr_line' id='line_1_1' title="bbox 135 100 634 152; baseline 0.006 -5"><span class='ocrx_word' id='word_1_1' title='bbox 135 100 181 147; x_wconf 78' lang='lat' dir='ltr'><strong>lle</strong></span> <span class='ocrx_word' id='word_1_2' title='bbox 299 100 528 152; x_wconf 80' lang='lat' dir='ltr'><strong>PROPERTIUS·</strong></span> <span class='ocrx_word' id='word_1_3' title='bbox 546 101 592 151; x_wconf 92' lang='lat' dir='ltr'><strong>1v.</strong></span> <span class='ocrx_word' id='word_1_4' title='bbox 610 104 634 150; x_wconf 77' lang='grc'><strong>6.</strong></span> 
     </span>
    </p>
   </div>
   <div class='ocr_carea' id='block_1_2' title="bbox 65 229 849 2670">
    <p class='ocr_par' dir='ltr' id='par_1_2' title="bbox 131 229 806 356">
     <span class='ocr_line' id='line_1_2' title="bbox 131 229 791 297; baseline 0 -18"><span class='ocrx_word' id='word_1_5' title='bbox 131 229 194 279; x_wconf 80' lang='lat' dir='ltr'><strong>Cum</strong></span> <span class='ocrx_word' id='word_1_6' title='bbox 205 231 315 293; x_wconf 76' lang='lat' dir='ltr'><strong>Phoebun,</strong></span> <span class='ocrx_word' id='word_1_7' title='bbox 326 232 435 297; x_wconf 79' lang='lat' dir='ltr'><strong>linquent</strong></span> <span class='ocrx_word' id='word_1_8' title='bbox 445 239 545 280; x_wconf 69' lang='lat' dir='ltr'><strong>etium</strong></span> <span class='ocrx_word' id='word_1_9' title='bbox 555 247 580 280; x_wconf 83' lang='lat' dir='ltr'><strong>ae</strong></span> <span class='ocrx_word' id='word_1_10' title='bbox 590 229 681 279; x_wconf 84' lang='lat' dir='ltr'><strong>vindice</strong></span> <span class='ocrx_word' id='word_1_11' title='bbox 691 229 791 292; x_wconf 84' lang='lat' dir='ltr'><strong>Delon,-</strong></span> 
     </span>
     <span class='ocr_line' id='line_1_3' title="bbox 164 296 806 356; baseline 0.002 -12"><span class='ocrx_word' id='word_1_12' title='bbox 164 296 240 351; x_wconf 81' lang='lat' dir='ltr'><strong>(Nam</strong></span> <span class='ocrx_word' id='word_1_13' title='bbox 251 296 385 345; x_wconf 72' lang='lat' dir='ltr'><strong>tuditiratoe</strong></span> <span class='ocrx_word' id='word_1_14' title='bbox 395 296 489 345; x_wconf 82' lang='lat' dir='ltr'><strong>mobilia</strong></span> <span class='ocrx_word' id='word_1_15' title='bbox 498 304 553 345; x_wconf 85' lang='lat' dir='ltr'><strong>ante</strong></span> <span class='ocrx_word' id='word_1_16' title='bbox 563 297 650 356; x_wconf 79' lang='lat' dir='ltr'><strong>Notou)</strong></span> <span class='ocrx_word' id='word_1_17' title='bbox 773 298 806 345; x_wconf 78' lang='lat'><strong>28</strong></span> 
     </span>
    </p>

    <p class='ocr_par' dir='ltr' id='par_1_3' title="bbox 130 359 771 489">
     <span class='ocr_line' id='line_1_4' title="bbox 130 359 771 426; baseline 0.002 -18"><span class='ocrx_word' id='word_1_18' title='bbox 130 359 230 409; x_wconf 73' lang='lat' dir='ltr'><strong>Adstitit</strong></span> <span class='ocrx_word' id='word_1_19' title='bbox 239 361 344 426; x_wconf 77' lang='lat' dir='ltr'><strong>Augusti</strong></span> <span class='ocrx_word' id='word_1_20' title='bbox 354 374 458 425; x_wconf 77' lang='lat' dir='ltr'><strong>puppem</strong></span> <span class='ocrx_word' id='word_1_21' title='bbox 468 376 553 423; x_wconf 79' lang='lat' dir='ltr'><strong>auper3</strong></span> <span class='ocrx_word' id='word_1_22' title='bbox 570 368 594 409; x_wconf 91' lang='lat' dir='ltr'><strong>et</strong></span> <span class='ocrx_word' id='word_1_23' title='bbox 603 374 664 409; x_wconf 77' lang='lat' dir='ltr'><strong>nova</strong></span> <span class='ocrx_word' id='word_1_24' title='bbox 673 360 771 409; x_wconf 83' lang='lat' dir='ltr'><strong>flamma</strong></span> 
     </span>
     <span class='ocr_line' id='line_1_5' title="bbox 164 424 642 489; baseline 0 -16"><span class='ocrx_word' id='word_1_25' title='bbox 164 424 239 474; x_wconf 74' lang='lat' dir='ltr'><strong>lrunit</strong></span> <span class='ocrx_word' id='word_1_26' title='bbox 249 426 274 473; x_wconf 92' lang='lat' dir='ltr'><strong>in</strong></span> <span class='ocrx_word' id='word_1_27' title='bbox 285 426 404 489; x_wconf 89' lang='lat' dir='ltr'><strong>obliquam</strong></span> <span class='ocrx_word' id='word_1_28' title='bbox 414 434 449 474; x_wconf 90' lang='lat' dir='ltr'><strong>ter</strong></span> <span class='ocrx_word' id='word_1_29' title='bbox 459 426 550 473; x_wconf 80' lang='lat' dir='ltr'><strong>sinuata</strong></span> <span class='ocrx_word' id='word_1_30' title='bbox 558 425 642 473; x_wconf 81' lang='lat' dir='ltr'><strong>faoetn.</strong></span> 
     </span>
    </p>

    <p class='ocr_par' dir='ltr' id='par_1_4' title="bbox 131 487 650 618">
     <span class='ocr_line' id='line_1_6' title="bbox 131 487 650 549; baseline 0 -12"><span class='ocrx_word' id='word_1_31' title='bbox 131 487 189 540; x_wconf 86' lang='lat' dir='ltr'><strong>Non</strong></span> <span class='ocrx_word' id='word_1_32' title='bbox 198 490 238 539; x_wconf 92' lang='lat' dir='ltr'><strong>ille</strong></span> <span class='ocrx_word' id='word_1_33' title='bbox 248 492 356 539; x_wconf 81' lang='lat' dir='ltr'><strong>attulerat</strong></span> <span class='ocrx_word' id='word_1_34' title='bbox 366 490 439 539; x_wconf 84' lang='lat' dir='ltr'><strong>crinea</strong></span> <span class='ocrx_word' id='word_1_35' title='bbox 449 488 475 537; x_wconf 91' lang='lat' dir='ltr'><strong>in</strong></span> <span class='ocrx_word' id='word_1_36' title='bbox 485 490 544 538; x_wconf 86' lang='lat' dir='ltr'><strong>oolla</strong></span> <span class='ocrx_word' id='word_1_37' title='bbox 553 490 650 549; x_wconf 74' lang='lat' dir='ltr'><strong>solutos,</strong></span> 
     </span>
     <span class='ocr_line' id='line_1_7' title="bbox 164 553 641 618; baseline 0 -17"><span class='ocrx_word' id='word_1_38' title='bbox 164 554 215 601; x_wconf 88' lang='lat' dir='ltr'><strong>Aut</strong></span> <span class='ocrx_word' id='word_1_39' title='bbox 225 554 359 603; x_wconf 67' lang='lat' dir='ltr'><strong>testudinem</strong></span> <span class='ocrx_word' id='word_1_40' title='bbox 370 569 461 603; x_wconf 79' lang='lat' dir='ltr'><strong>carmen</strong></span> <span class='ocrx_word' id='word_1_41' title='bbox 472 553 560 602; x_wconf 82' lang='lat' dir='ltr'><strong>inerme</strong></span> <span class='ocrx_word' id='word_1_42' title='bbox 569 554 641 618; x_wconf 71' lang='lat' dir='ltr'><strong>lyroe3</strong></span> 
     </span>
    </p>

    <p class='ocr_par' dir='ltr' id='par_1_5' title="bbox 130 618 786 747">
     <span class='ocr_line' id='line_1_8' title="bbox 130 618 786 683; baseline 0 -16"><span class='ocrx_word' id='word_1_43' title='bbox 130 618 177 667; x_wconf 84' lang='lat' dir='ltr'><strong>Sed</strong></span> <span class='ocrx_word' id='word_1_44' title='bbox 187 620 252 683; x_wconf 83' lang='lat' dir='ltr'><strong>queli</strong></span> <span class='ocrx_word' id='word_1_45' title='bbox 262 619 369 682; x_wconf 72' lang='lat' dir='ltr'><strong>adspexit</strong></span> <span class='ocrx_word' id='word_1_46' title='bbox 380 618 508 682; x_wconf 80' lang='lat' dir='ltr'><strong>Pelopeum</strong></span> <span class='ocrx_word' id='word_1_47' title='bbox 518 618 699 681; x_wconf 74' lang='lat' dir='ltr'><strong>Agamemnona</strong></span> <span class='ocrx_word' id='word_1_48' title='bbox 709 618 786 679; x_wconf 86' lang='lat' dir='ltr'><strong>vultu,</strong></span> 
     </span>
     <span class='ocr_line' id='line_1_9' title="bbox 163 682 651 747; baseline -0.004 -15"><span class='ocrx_word' id='word_1_49' title='bbox 163 684 301 747; x_wconf 79' lang='lat' dir='ltr'><strong>Egeeaitque</strong></span> <span class='ocrx_word' id='word_1_50' title='bbox 312 683 384 732; x_wconf 80' lang='lat' dir='ltr'><strong>avidis</strong></span> <span class='ocrx_word' id='word_1_51' title='bbox 395 683 482 731; x_wconf 89' lang='lat' dir='ltr'><strong>Dorica</strong></span> <span class='ocrx_word' id='word_1_52' title='bbox 492 691 566 731; x_wconf 73' lang='lat' dir='ltr'><strong>earm</strong></span> <span class='ocrx_word' id='word_1_53' title='bbox 575 682 651 746; x_wconf 75' lang='lat' dir='ltr'><strong>rogia3</strong></span> 
     </span>
    </p>

    <p class='ocr_par' dir='ltr' id='par_1_6' title="bbox 130 746 804 876">
     <span class='ocr_line' id='line_1_10' title="bbox 130 746 804 812; baseline 0 -18"><span class='ocrx_word' id='word_1_54' title='bbox 130 746 183 795; x_wconf 89' lang='lat' dir='ltr'><strong>Aut</strong></span> <span class='ocrx_word' id='word_1_55' title='bbox 193 748 269 812; x_wconf 76' lang='lat' dir='ltr'><strong>qualis</strong></span> <span class='ocrx_word' id='word_1_56' title='bbox 279 750 350 797; x_wconf 73' lang='lat' dir='ltr'><strong>flexos</strong></span> <span class='ocrx_word' id='word_1_57' title='bbox 361 747 429 795; x_wconf 83' lang='lat' dir='ltr'><strong>solvit</strong></span> <span class='ocrx_word' id='word_1_58' title='bbox 439 748 549 811; x_wconf 75' lang='lat' dir='ltr'><strong>Pythona</strong></span> <span class='ocrx_word' id='word_1_59' title='bbox 558 762 600 811; x_wconf 90' lang='lat' dir='ltr'><strong>per</strong></span> <span class='ocrx_word' id='word_1_60' title='bbox 609 749 676 795; x_wconf 77' lang='lat' dir='ltr'><strong>ortes</strong></span> <span class='ocrx_word' id='word_1_61' title='bbox 770 747 804 794; x_wconf 76' lang='lat'><strong>35</strong></span> 
     </span>
     <span class='ocr_line' id='line_1_11' title="bbox 163 811 689 876; baseline -0.004 -16"><span class='ocrx_word' id='word_1_62' title='bbox 163 812 307 876; x_wconf 81' lang='lat' dir='ltr'><strong>Serpentem,</strong></span> <span class='ocrx_word' id='word_1_63' title='bbox 318 812 423 860; x_wconf 75' lang='lat' dir='ltr'><strong>imbelles</strong></span> <span class='ocrx_word' id='word_1_64' title='bbox 433 827 504 876; x_wconf 88' lang='lat' dir='ltr'><strong>quem</strong></span> <span class='ocrx_word' id='word_1_65' title='bbox 516 811 615 859; x_wconf 74' lang='lat' dir='ltr'><strong>tinruire</strong></span> <span class='ocrx_word' id='word_1_66' title='bbox 625 812 689 875; x_wconf 74' lang='lat' dir='ltr'><strong>lyme.</strong></span> 
     </span>
    </p>

    <p class='ocr_par' dir='ltr' id='par_1_7' title="bbox 131 873 715 1004">
     <span class='ocr_line' id='line_1_12' title="bbox 131 873 715 940; baseline 0 -17"><span class='ocrx_word' id='word_1_67' title='bbox 131 875 192 924; x_wconf 86' lang='lat' dir='ltr'><strong>Mox</strong></span> <span class='ocrx_word' id='word_1_68' title='bbox 202 877 243 936; x_wconf 87' lang='lat' dir='ltr'><strong>ait,</strong></span> <span class='ocrx_word' id='word_1_69' title='bbox 257 878 305 926; x_wconf 84' lang='lat' dir='ltr'><strong>“O</strong></span> <span class='ocrx_word' id='word_1_70' title='bbox 316 876 386 940; x_wconf 80' lang='lat' dir='ltr'><strong>longia</strong></span> <span class='ocrx_word' id='word_1_71' title='bbox 396 873 479 924; x_wconf 86' lang='lat' dir='ltr'><strong>mundi</strong></span> <span class='ocrx_word' id='word_1_72' title='bbox 490 886 590 925; x_wconf 74' lang='lat' dir='ltr'><strong>serrator</strong></span> <span class='ocrx_word' id='word_1_73' title='bbox 599 878 630 924; x_wconf 86' lang='lat' dir='ltr'><strong>ab</strong></span> <span class='ocrx_word' id='word_1_74' title='bbox 640 875 715 935; x_wconf 73' lang='lat' dir='ltr'><strong>Albi,</strong></span> 
     </span>
     <span class='ocr_line' id='line_1_13' title="bbox 162 940 669 1004; baseline 0 -17"><span class='ocrx_word' id='word_1_75' title='bbox 162 941 279 1004; x_wconf 76' lang='lat' dir='ltr'><strong>Auguste,</strong></span> <span class='ocrx_word' id='word_1_76' title='bbox 291 940 410 989; x_wconf 75' lang='lat' dir='ltr'><strong>Hectoreis</strong></span> <span class='ocrx_word' id='word_1_77' title='bbox 421 940 511 1003; x_wconf 78' lang='lat' dir='ltr'><strong>cognite</strong></span> <span class='ocrx_word' id='word_1_78' title='bbox 521 942 595 1002; x_wconf 82' lang='lat' dir='ltr'><strong>major</strong></span> <span class='ocrx_word' id='word_1_79' title='bbox 605 940 669 988; x_wconf 87' lang='lat' dir='ltr'><strong>aria!</strong></span> 
     </span>
    </p>

    <p class='ocr_par' dir='ltr' id='par_1_8' title="bbox 130 1004 804 1118">
     <span class='ocr_line' id='line_1_14' title="bbox 130 1004 777 1067; baseline 0.005 -18"><span class='ocrx_word' id='word_1_80' title='bbox 130 1004 204 1052; x_wconf 82' lang='lat' dir='ltr'><strong>Vince</strong></span> <span class='ocrx_word' id='word_1_81' title='bbox 215 1005 288 1061; x_wconf 82' lang='lat' dir='ltr'><strong>mari;</strong></span> <span class='ocrx_word' id='word_1_82' title='bbox 304 1007 354 1067; x_wconf 83' lang='lat' dir='ltr'><strong>jam</strong></span> <span class='ocrx_word' id='word_1_83' title='bbox 365 1014 426 1053; x_wconf 84' lang='lat' dir='ltr'><strong>terra</strong></span> <span class='ocrx_word' id='word_1_84' title='bbox 435 1014 478 1053; x_wconf 84' lang='lat' dir='ltr'><strong>tua</strong></span> <span class='ocrx_word' id='word_1_85' title='bbox 487 1015 537 1062; x_wconf 73' lang='lat' dir='ltr'><strong>est3</strong></span> <span class='ocrx_word' id='word_1_86' title='bbox 554 1004 597 1053; x_wconf 89' lang='lat' dir='ltr'><strong>tibi</strong></span> <span class='ocrx_word' id='word_1_87' title='bbox 607 1004 692 1052; x_wconf 79' lang='lat' dir='ltr'><strong>militat</strong></span> <span class='ocrx_word' id='word_1_88' title='bbox 702 1018 777 1065; x_wconf 60' lang='lat' dir='ltr'><strong>meua</strong></span> 
     </span>
     <span class='ocr_line' id='line_1_15' title="bbox 162 1068 804 1118; baseline -0.003 -1"><span class='ocrx_word' id='word_1_89' title='bbox 162 1069 196 1117; x_wconf 87' lang='lat' dir='ltr'><strong>Et</strong></span> <span class='ocrx_word' id='word_1_90' title='bbox 206 1069 269 1118; x_wconf 83' lang='lat' dir='ltr'><strong>favet</strong></span> <span class='ocrx_word' id='word_1_91' title='bbox 279 1086 308 1118; x_wconf 84' lang='lat' dir='ltr'><strong>en</strong></span> <span class='ocrx_word' id='word_1_92' title='bbox 318 1070 421 1118; x_wconf 83' lang='lat' dir='ltr'><strong>humeris</strong></span> <span class='ocrx_word' id='word_1_93' title='bbox 430 1069 476 1117; x_wconf 88' lang='lat' dir='ltr'><strong>hoc</strong></span> <span class='ocrx_word' id='word_1_94' title='bbox 485 1084 544 1117; x_wconf 82' lang='lat' dir='ltr'><strong>onus</strong></span> <span class='ocrx_word' id='word_1_95' title='bbox 554 1084 624 1117; x_wconf 87' lang='lat' dir='ltr'><strong>omne</strong></span> <span class='ocrx_word' id='word_1_96' title='bbox 631 1068 698 1116; x_wconf 81' lang='lat' dir='ltr'><strong>meio.</strong></span> <span class='ocrx_word' id='word_1_97' title='bbox 771 1069 804 1116; x_wconf 79' lang='lat' dir='ltr'><strong>to</strong></span> 
     </span>
    </p>

    <p class='ocr_par' dir='ltr' id='par_1_9' title="bbox 130 1132 749 1263">
     <span class='ocr_line' id='line_1_16' title="bbox 130 1132 749 1199; baseline -0.002 -18"><span class='ocrx_word' id='word_1_98' title='bbox 130 1133 199 1182; x_wconf 86' lang='lat' dir='ltr'><strong>Solve</strong></span> <span class='ocrx_word' id='word_1_99' title='bbox 209 1142 273 1182; x_wconf 89' lang='lat' dir='ltr'><strong>metu</strong></span> <span class='ocrx_word' id='word_1_100' title='bbox 284 1135 393 1199; x_wconf 83' lang='lat' dir='ltr'><strong>patriam,</strong></span> <span class='ocrx_word' id='word_1_101' title='bbox 404 1150 457 1198; x_wconf 86' lang='lat' dir='ltr'><strong>quoe</strong></span> <span class='ocrx_word' id='word_1_102' title='bbox 467 1149 538 1194; x_wconf 86' lang='lat' dir='ltr'><strong>nune,</strong></span> <span class='ocrx_word' id='word_1_103' title='bbox 550 1141 573 1180; x_wconf 90' lang='lat' dir='ltr'><strong>te</strong></span> <span class='ocrx_word' id='word_1_104' title='bbox 582 1132 672 1181; x_wconf 82' lang='lat' dir='ltr'><strong>vindice</strong></span> <span class='ocrx_word' id='word_1_105' title='bbox 680 1132 749 1192; x_wconf 77' lang='lat' dir='ltr'><strong>freta,</strong></span> 
     </span>
     <span class='ocr_line' id='line_1_17' title="bbox 163 1196 728 1263; baseline 0 -19"><span class='ocrx_word' id='word_1_106' title='bbox 163 1196 279 1262; x_wconf 71' lang='lat' dir='ltr'><strong>Imposuit</strong></span> <span class='ocrx_word' id='word_1_107' title='bbox 288 1214 362 1263; x_wconf 70' lang='lat' dir='ltr'><strong>prorue</strong></span> <span class='ocrx_word' id='word_1_108' title='bbox 370 1198 463 1261; x_wconf 89' lang='lat' dir='ltr'><strong>publica</strong></span> <span class='ocrx_word' id='word_1_109' title='bbox 474 1206 592 1247; x_wconf 70' lang='lat' dir='ltr'><strong>rotatute⁴</strong></span> <span class='ocrx_word' id='word_1_110' title='bbox 725 1239 728 1244; x_wconf 77' lang='grc'>,</span> 
     </span>
    </p>

    <p class='ocr_par' dir='ltr' id='par_1_10' title="bbox 130 1260 761 1376">
     <span class='ocr_line' id='line_1_18' title="bbox 130 1260 745 1324; baseline -0.005 -13"><span class='ocrx_word' id='word_1_111' title='bbox 130 1260 211 1321; x_wconf 79' lang='lat' dir='ltr'><strong>Quam</strong></span> <span class='ocrx_word' id='word_1_112' title='bbox 222 1264 265 1311; x_wconf 88' lang='lat' dir='ltr'><strong>niai</strong></span> <span class='ocrx_word' id='word_1_113' title='bbox 278 1263 395 1324; x_wconf 76' lang='lat' dir='ltr'><strong>defendes,</strong></span> <span class='ocrx_word' id='word_1_114' title='bbox 405 1278 525 1311; x_wconf 86' lang='lat' dir='ltr'><strong>murorum</strong></span> <span class='ocrx_word' id='word_1_115' title='bbox 537 1262 655 1311; x_wconf 73' lang='lat' dir='ltr'><strong>Romulus</strong></span> <span class='ocrx_word' id='word_1_116' title='bbox 665 1269 745 1309; x_wconf 80' lang='lat' dir='ltr'><strong>auctor</strong></span> 
     </span>
     <span class='ocr_line' id='line_1_19' title="bbox 163 1326 761 1376; baseline 0.002 -2"><span class='ocrx_word' id='word_1_117' title='bbox 163 1326 202 1375; x_wconf 91' lang='lat' dir='ltr'><strong>lre</strong></span> <span class='ocrx_word' id='word_1_118' title='bbox 213 1328 331 1376; x_wconf 79' lang='lat' dir='ltr'><strong>Palatinae</strong></span> <span class='ocrx_word' id='word_1_119' title='bbox 341 1342 388 1375; x_wconf 88' lang='lat' dir='ltr'><strong>non</strong></span> <span class='ocrx_word' id='word_1_120' title='bbox 400 1330 459 1375; x_wconf 85' lang='lat' dir='ltr'><strong>bene</strong></span> <span class='ocrx_word' id='word_1_121' title='bbox 471 1327 529 1375; x_wconf 83' lang='lat' dir='ltr'><strong>vidit</strong></span> <span class='ocrx_word' id='word_1_122' title='bbox 539 1342 600 1375; x_wconf 85' lang='lat' dir='ltr'><strong>area.</strong></span> <span class='ocrx_word' id='word_1_123' title='bbox 757 1331 761 1339; x_wconf 84' lang='lat'><em>‘</em></span> 
     </span>
    </p>

    <p class='ocr_par' dir='ltr' id='par_1_11' title="bbox 128 1390 806 1519">
     <span class='ocr_line' id='line_1_20' title="bbox 128 1390 776 1455; baseline 0.002 -18"><span class='ocrx_word' id='word_1_124' title='bbox 128 1391 184 1438; x_wconf 82' lang='lat' dir='ltr'><strong>En!</strong></span> <span class='ocrx_word' id='word_1_125' title='bbox 203 1392 302 1439; x_wconf 89' lang='lat' dir='ltr'><strong>nimium</strong></span> <span class='ocrx_word' id='word_1_126' title='bbox 313 1392 382 1441; x_wconf 84' lang='lat' dir='ltr'><strong>remia</strong></span> <span class='ocrx_word' id='word_1_127' title='bbox 393 1392 495 1441; x_wconf 77' lang='lat' dir='ltr'><strong>audent!</strong></span> <span class='ocrx_word' id='word_1_128' title='bbox 529 1391 571 1439; x_wconf 89' lang='lat' dir='ltr'><strong>roh</strong></span> <span class='ocrx_word' id='word_1_129' title='bbox 582 1399 658 1455; x_wconf 84' lang='lat' dir='ltr'><strong>turpe,</strong></span> <span class='ocrx_word' id='word_1_130' title='bbox 670 1390 776 1451; x_wconf 73' lang='lat' dir='ltr'><strong>lautinoa,</strong></span> 
     </span>
     <span class='ocr_line' id='line_1_21' title="bbox 163 1408 806 1519; baseline -0.002 -16"><span class='ocrx_word' id='word_1_131' title='bbox 163 1456 270 1519; x_wconf 86' lang='lat' dir='ltr'><strong>Principe</strong></span> <span class='ocrx_word' id='word_1_132' title='bbox 281 1465 312 1517; x_wconf 89' lang='lat' dir='ltr'><strong>te,</strong></span> <span class='ocrx_word' id='word_1_133' title='bbox 323 1458 407 1505; x_wconf 78' lang='lat' dir='ltr'><strong>fluctus</strong></span> <span class='ocrx_word' id='word_1_134' title='bbox 417 1456 480 1519; x_wconf 80' lang='lat' dir='ltr'><strong>regia</strong></span> <span class='ocrx_word' id='word_1_135' title='bbox 490 1408 542 1504; x_wconf 64' lang='lat' dir='ltr'><strong>vd·</strong></span> <span class='ocrx_word' id='word_1_136' title='bbox 551 1456 616 1519; x_wconf 81' lang='lat' dir='ltr'><strong>petil</strong></span> <span class='ocrx_word' id='word_1_137' title='bbox 630 1459 633 1474; x_wconf 87' lang='lat'>¹</span> <span class='ocrx_word' id='word_1_138' title='bbox 773 1455 806 1502; x_wconf 81' lang='grc'><strong>46</strong></span> 
     </span>
    </p>

    <p class='ocr_par' dir='ltr' id='par_1_12' title="bbox 130 1519 667 1634">
     <span class='ocr_line' id='line_1_22' title="bbox 130 1519 667 1585; baseline 0.004 -18"><span class='ocrx_word' id='word_1_139' title='bbox 130 1520 182 1568; x_wconf 86' lang='lat' dir='ltr'><strong>Neo</strong></span> <span class='ocrx_word' id='word_1_140' title='bbox 192 1528 223 1581; x_wconf 84' lang='lat' dir='ltr'><strong>te,</strong></span> <span class='ocrx_word' id='word_1_141' title='bbox 235 1521 299 1585; x_wconf 91' lang='lat' dir='ltr'><strong>quod</strong></span> <span class='ocrx_word' id='word_1_142' title='bbox 308 1521 386 1569; x_wconf 75' lang='lat' dir='ltr'><strong>claena</strong></span> <span class='ocrx_word' id='word_1_143' title='bbox 396 1521 497 1569; x_wconf 79' lang='lat' dir='ltr'><strong>oentania</strong></span> <span class='ocrx_word' id='word_1_144' title='bbox 506 1521 605 1584; x_wconf 68' lang='lat' dir='ltr'><strong>remigm</strong></span> <span class='ocrx_word' id='word_1_145' title='bbox 615 1519 667 1580; x_wconf 76' lang='lat' dir='ltr'><strong>alit,</strong></span> 
     </span>
     <span class='ocr_line' id='line_1_23' title="bbox 163 1585 589 1634; baseline -0.005 0"><span class='ocrx_word' id='word_1_146' title='bbox 163 1585 272 1634; x_wconf 80' lang='lat' dir='ltr'><strong>Terreat:</strong></span> <span class='ocrx_word' id='word_1_147' title='bbox 289 1585 363 1634; x_wconf 83' lang='lat' dir='ltr'><strong>inrito</strong></span> <span class='ocrx_word' id='word_1_148' title='bbox 373 1585 459 1634; x_wconf 81' lang='lat' dir='ltr'><strong>labitur</strong></span> <span class='ocrx_word' id='word_1_149' title='bbox 469 1585 510 1633; x_wconf 84' lang='lat' dir='ltr'><strong>illu</strong></span> <span class='ocrx_word' id='word_1_150' title='bbox 522 1585 589 1633; x_wconf 86' lang='lat' dir='ltr'><strong>mari.</strong></span> 
     </span>
    </p>

    <p class='ocr_par' dir='ltr' id='par_1_13' title="bbox 129 1648 849 1779">
     <span class='ocr_line' id='line_1_24' title="bbox 129 1648 849 1715; baseline 0.001 -19"><span class='ocrx_word' id='word_1_151' title='bbox 129 1648 248 1714; x_wconf 83' lang='lat' dir='ltr'><strong>Quodque</strong></span> <span class='ocrx_word' id='word_1_152' title='bbox 258 1650 345 1699; x_wconf 81' lang='lat' dir='ltr'><strong>vehunt</strong></span> <span class='ocrx_word' id='word_1_153' title='bbox 354 1666 428 1715; x_wconf 63' lang='lat' dir='ltr'><strong>propte</strong></span> <span class='ocrx_word' id='word_1_154' title='bbox 438 1650 567 1697; x_wconf 74' lang='lat' dir='ltr'><strong>Centauros</strong></span> <span class='ocrx_word' id='word_1_155' title='bbox 577 1664 633 1698; x_wconf 77' lang='lat' dir='ltr'><strong>saxa</strong></span> <span class='ocrx_word' id='word_1_156' title='bbox 642 1648 774 1705; x_wconf 68' lang='lat' dir='ltr'><strong>minantert</strong></span> <span class='ocrx_word' id='word_1_157' title='bbox 845 1667 849 1672; x_wconf 85' lang='grc'><em>·</em></span> 
     </span>
     <span class='ocr_line' id='line_1_25' title="bbox 163 1713 807 1779; baseline 0 -19"><span class='ocrx_word' id='word_1_158' title='bbox 163 1713 315 1777; x_wconf 79' lang='lat' dir='ltr'><strong>Tignacava,</strong></span> <span class='ocrx_word' id='word_1_159' title='bbox 327 1714 431 1779; x_wconf 79' lang='lat' dir='ltr'><strong>etpictoe</strong></span> <span class='ocrx_word' id='word_1_160' title='bbox 441 1714 559 1779; x_wconf 70' lang='lat' dir='ltr'><strong>experiere</strong></span> <span class='ocrx_word' id='word_1_161' title='bbox 568 1722 653 1761; x_wconf 83' lang='lat' dir='ltr'><strong>metue.</strong></span> <span class='ocrx_word' id='word_1_162' title='bbox 772 1714 807 1760; x_wconf 76' lang='lat'><strong>60</strong></span> 
     </span>
    </p>

    <p class='ocr_par' dir='ltr' id='par_1_14' title="bbox 129 1777 717 1905">
     <span class='ocr_line' id='line_1_26' title="bbox 129 1777 660 1841; baseline 0.002 -17"><span class='ocrx_word' id='word_1_163' title='bbox 129 1777 236 1841; x_wconf 79' lang='lat' dir='ltr'><strong>Frangit,</strong></span> <span class='ocrx_word' id='word_1_164' title='bbox 247 1788 270 1827; x_wconf 87' lang='lat' dir='ltr'><strong>et</strong></span> <span class='ocrx_word' id='word_1_165' title='bbox 280 1779 373 1839; x_wconf 77' lang='lat' dir='ltr'><strong>attollit,</strong></span> <span class='ocrx_word' id='word_1_166' title='bbox 386 1779 445 1828; x_wconf 79' lang='lat' dir='ltr'><strong>vires</strong></span> <span class='ocrx_word' id='word_1_167' title='bbox 455 1780 480 1827; x_wconf 91' lang='lat' dir='ltr'><strong>in</strong></span> <span class='ocrx_word' id='word_1_168' title='bbox 491 1778 566 1826; x_wconf 89' lang='lat' dir='ltr'><strong>milite</strong></span> <span class='ocrx_word' id='word_1_169' title='bbox 575 1793 660 1835; x_wconf 68' lang='lat' dir='ltr'><strong>eoum</strong></span> 
     </span>
     <span class='ocr_line' id='line_1_27' title="bbox 162 1842 717 1905; baseline -0.004 -15"><span class='ocrx_word' id='word_1_170' title='bbox 162 1842 223 1901; x_wconf 78' lang='lat' dir='ltr'><strong>Quae</strong></span> <span class='ocrx_word' id='word_1_171' title='bbox 233 1844 279 1891; x_wconf 82' lang='lat' dir='ltr'><strong>niai</strong></span> <span class='ocrx_word' id='word_1_172' title='bbox 286 1846 350 1905; x_wconf 78' lang='lat' dir='ltr'><strong>Jueta</strong></span> <span class='ocrx_word' id='word_1_173' title='bbox 360 1846 447 1903; x_wconf 82' lang='lat' dir='ltr'><strong>rubeat,</strong></span> <span class='ocrx_word' id='word_1_174' title='bbox 459 1844 547 1892; x_wconf 74' lang='lat' dir='ltr'><strong>exuriit</strong></span> <span class='ocrx_word' id='word_1_175' title='bbox 558 1858 623 1891; x_wconf 80' lang='lat' dir='ltr'><strong>erma</strong></span> <span class='ocrx_word' id='word_1_176' title='bbox 632 1842 717 1905; x_wconf 86' lang='lat' dir='ltr'><strong>pudor.</strong></span> 
     </span>
    </p>

    <p class='ocr_par' dir='ltr' id='par_1_15' title="bbox 129 1903 808 2035">
     <span class='ocr_line' id='line_1_28' title="bbox 129 1903 808 1971; baseline 0.004 -19"><span class='ocrx_word' id='word_1_177' title='bbox 129 1903 235 1970; x_wconf 79' lang='lat' dir='ltr'><strong>&#39;l&#39;empua</strong></span> <span class='ocrx_word' id='word_1_178' title='bbox 244 1908 320 1955; x_wconf 70' lang='lat' dir='ltr'><strong>adest:</strong></span> <span class='ocrx_word' id='word_1_179' title='bbox 332 1908 450 1956; x_wconf 81' lang='lat' dir='ltr'><strong>committe</strong></span> <span class='ocrx_word' id='word_1_180' title='bbox 456 1916 528 1956; x_wconf 79' lang='lat' dir='ltr'><strong>rates:</strong></span> <span class='ocrx_word' id='word_1_181' title='bbox 540 1922 591 1970; x_wconf 74' lang='lat' dir='ltr'><strong>ego,</strong></span> <span class='ocrx_word' id='word_1_182' title='bbox 600 1906 711 1971; x_wconf 80' lang='lat' dir='ltr'><strong>temporit</strong></span> <span class='ocrx_word' id='word_1_183' title='bbox 717 1915 808 1967; x_wconf 73' lang='lat' dir='ltr'><strong>metor,</strong></span> 
     </span>
     <span class='ocr_line' id='line_1_29' title="bbox 162 1968 648 2035; baseline 0.002 -18"><span class='ocrx_word' id='word_1_184' title='bbox 162 1968 254 2019; x_wconf 84' lang='lat' dir='ltr'><strong>Ducam</strong></span> <span class='ocrx_word' id='word_1_185' title='bbox 265 1972 380 2035; x_wconf 75' lang='lat' dir='ltr'><strong>laurigeri</strong></span> <span class='ocrx_word' id='word_1_186' title='bbox 389 1972 457 2021; x_wconf 82' lang='lat' dir='ltr'><strong>Julia</strong></span> <span class='ocrx_word' id='word_1_187' title='bbox 467 1980 541 2020; x_wconf 75' lang='lat' dir='ltr'><strong>rostra</strong></span> <span class='ocrx_word' id='word_1_188' title='bbox 550 1970 648 2020; x_wconf 83' lang='lat' dir='ltr'><strong>manu.”</strong></span> 
     </span>
    </p>

    <p class='ocr_par' dir='ltr' id='par_1_16' title="bbox 129 2032 807 2165">
     <span class='ocr_line' id='line_1_30' title="bbox 129 2032 807 2101; baseline 0.003 -20"><span class='ocrx_word' id='word_1_189' title='bbox 129 2032 236 2095; x_wconf 78' lang='lat' dir='ltr'><strong>Dixerat,</strong></span> <span class='ocrx_word' id='word_1_190' title='bbox 249 2044 272 2085; x_wconf 91' lang='lat' dir='ltr'><strong>et</strong></span> <span class='ocrx_word' id='word_1_191' title='bbox 281 2037 394 2101; x_wconf 75' lang='lat' dir='ltr'><strong>pharetrae</strong></span> <span class='ocrx_word' id='word_1_192' title='bbox 404 2036 495 2099; x_wconf 74' lang='lat' dir='ltr'><strong>pondus</strong></span> <span class='ocrx_word' id='word_1_193' title='bbox 506 2035 622 2083; x_wconf 85' lang='lat' dir='ltr'><strong>oonaumit</strong></span> <span class='ocrx_word' id='word_1_194' title='bbox 630 2035 656 2082; x_wconf 92' lang='lat' dir='ltr'><strong>in</strong></span> <span class='ocrx_word' id='word_1_195' title='bbox 667 2049 749 2083; x_wconf 74' lang='lat' dir='ltr'><strong>areum</strong></span> <span class='ocrx_word' id='word_1_196' title='bbox 773 2038 807 2083; x_wconf 75' lang='lat' dir='ltr'><strong>te</strong></span> 
     </span>
     <span class='ocr_line' id='line_1_31' title="bbox 162 2098 660 2165; baseline 0.004 -20"><span class='ocrx_word' id='word_1_197' title='bbox 162 2098 274 2149; x_wconf 77' lang='lat' dir='ltr'><strong>Proxima</strong></span> <span class='ocrx_word' id='word_1_198' title='bbox 284 2109 413 2165; x_wconf 80' lang='lat' dir='ltr'><strong>poetarum</strong></span> <span class='ocrx_word' id='word_1_199' title='bbox 425 2100 523 2149; x_wconf 74' lang='lat' dir='ltr'><strong>Gaeaarie</strong></span> <span class='ocrx_word' id='word_1_200' title='bbox 532 2100 599 2148; x_wconf 74' lang='lat' dir='ltr'><strong>haita</strong></span> <span class='ocrx_word' id='word_1_201' title='bbox 606 2099 660 2147; x_wconf 85' lang='lat' dir='ltr'><strong>fuit</strong></span> 
     </span>
    </p>

    <p class='ocr_par' dir='ltr' id='par_1_17' title="bbox 129 2161 732 2293">
     <span class='ocr_line' id='line_1_32' title="bbox 129 2161 732 2230; baseline 0.002 -20"><span class='ocrx_word' id='word_1_202' title='bbox 129 2161 211 2211; x_wconf 83' lang='lat' dir='ltr'><strong>Vincit</strong></span> <span class='ocrx_word' id='word_1_203' title='bbox 221 2166 307 2224; x_wconf 82' lang='lat' dir='ltr'><strong>Roma,</strong></span> <span class='ocrx_word' id='word_1_204' title='bbox 318 2164 364 2213; x_wconf 88' lang='lat' dir='ltr'><strong>fide</strong></span> <span class='ocrx_word' id='word_1_205' title='bbox 374 2164 474 2221; x_wconf 75' lang='lat' dir='ltr'><strong>Phoebir</strong></span> <span class='ocrx_word' id='word_1_206' title='bbox 491 2164 532 2212; x_wconf 85' lang='lat' dir='ltr'><strong>dat</strong></span> <span class='ocrx_word' id='word_1_207' title='bbox 541 2164 629 2211; x_wconf 86' lang='lat' dir='ltr'><strong>femina</strong></span> <span class='ocrx_word' id='word_1_208' title='bbox 638 2178 732 2230; x_wconf 80' lang='lat' dir='ltr'><strong>poenaa3</strong></span> 
     </span>
     <span class='ocr_line' id='line_1_33' title="bbox 161 2227 698 2293; baseline -0.002 -18"><span class='ocrx_word' id='word_1_209' title='bbox 161 2227 257 2289; x_wconf 80' lang='lat' dir='ltr'><strong>Sceptra</strong></span> <span class='ocrx_word' id='word_1_210' title='bbox 266 2246 307 2291; x_wconf 84' lang='lat' dir='ltr'><strong>per</strong></span> <span class='ocrx_word' id='word_1_211' title='bbox 318 2229 397 2277; x_wconf 75' lang='lat' dir='ltr'><strong>Idniaa</strong></span> <span class='ocrx_word' id='word_1_212' title='bbox 407 2229 481 2277; x_wconf 78' lang='lat' dir='ltr'><strong>fracta</strong></span> <span class='ocrx_word' id='word_1_213' title='bbox 490 2228 606 2276; x_wconf 82' lang='lat' dir='ltr'><strong>vehuntur</strong></span> <span class='ocrx_word' id='word_1_214' title='bbox 617 2242 698 2293; x_wconf 71' lang='lat' dir='ltr'><strong>aquae.</strong></span> 
     </span>
    </p>

    <p class='ocr_par' dir='ltr' id='par_1_18' title="bbox 330 2390 339 2413">
     <span class='ocr_line' id='line_1_34' title="bbox 330 2390 339 2413; baseline 0 0"><span class='ocrx_word' id='word_1_215' title='bbox 330 2390 339 2413; x_wconf 73' lang='lat'><em>9</em></span> 
     </span>
    </p>

    <p class='ocr_par' dir='ltr' id='par_1_19' title="bbox 129 2414 723 2546">
     <span class='ocr_line' id='line_1_35' title="bbox 129 2414 723 2483; baseline 0.01 -18"><span class='ocrx_word' id='word_1_216' title='bbox 129 2414 281 2479; x_wconf 79' lang='lat' dir='ltr'><strong>Prosequitur</strong></span> <span class='ocrx_word' id='word_1_217' title='bbox 291 2429 361 2468; x_wconf 80' lang='lat' dir='ltr'><strong>earttu</strong></span> <span class='ocrx_word' id='word_1_218' title='bbox 372 2420 472 2477; x_wconf 78' lang='lat' dir='ltr'><strong>Triton3</strong></span> <span class='ocrx_word' id='word_1_219' title='bbox 489 2434 617 2483; x_wconf 75' lang='lat' dir='ltr'><strong>omnesque</strong></span> <span class='ocrx_word' id='word_1_220' title='bbox 626 2422 723 2471; x_wconf 74' lang='lat' dir='ltr'><strong>murima</strong></span> 
     </span>
     <span class='ocr_line' id='line_1_36' title="bbox 161 2478 609 2546; baseline 0.02 -23"><span class='ocrx_word' id='word_1_221' title='bbox 161 2478 302 2530; x_wconf 78' lang='lat' dir='ltr'><strong>Plauterunt</strong></span> <span class='ocrx_word' id='word_1_222' title='bbox 313 2483 372 2531; x_wconf 83' lang='lat' dir='ltr'><strong>cirea</strong></span> <span class='ocrx_word' id='word_1_223' title='bbox 381 2483 454 2532; x_wconf 87' lang='lat' dir='ltr'><strong>libera</strong></span> <span class='ocrx_word' id='word_1_224' title='bbox 465 2498 532 2546; x_wconf 64' lang='lat' dir='ltr'><strong>mgna</strong></span> <span class='ocrx_word' id='word_1_225' title='bbox 542 2484 609 2531; x_wconf 78' lang='lat' dir='ltr'><strong>Dete.</strong></span> 
     </span>
    </p>

    <p class='ocr_par' dir='ltr' id='par_1_20' title="bbox 65 2537 668 2611">
     <span class='ocr_line' id='line_1_37' title="bbox 65 2537 668 2611; baseline 0.007 -20"><span class='ocrx_word' id='word_1_226' title='bbox 65 2562 67 2574; x_wconf 92' lang='lat'><em>·</em></span> <span class='ocrx_word' id='word_1_227' title='bbox 128 2537 176 2585; x_wconf 73' lang='lat'>111²</span> <span class='ocrx_word' id='word_1_228' title='bbox 186 2543 244 2601; x_wconf 88' lang='lat' dir='ltr'><strong>petit</strong></span> <span class='ocrx_word' id='word_1_229' title='bbox 255 2546 339 2593; x_wconf 90' lang='lat' dir='ltr'><strong>Nilum</strong></span> <span class='ocrx_word' id='word_1_230' title='bbox 349 2548 434 2609; x_wconf 72' lang='lat' dir='ltr'><strong>eymbi</strong></span> <span class='ocrx_word' id='word_1_231' title='bbox 443 2548 506 2595; x_wconf 89' lang='lat' dir='ltr'><strong>male</strong></span> <span class='ocrx_word' id='word_1_232' title='bbox 515 2546 572 2595; x_wconf 86' lang='lat' dir='ltr'><strong>nixa</strong></span> <span class='ocrx_word' id='word_1_233' title='bbox 581 2547 668 2611; x_wconf 74' lang='lat' dir='ltr'><strong>fugaci,</strong></span> 
     </span>
    </p>

    <p class='ocr_par' dir='ltr' id='par_1_21' title="bbox 161 2600 619 2670">
     <span class='ocr_line' id='line_1_38' title="bbox 161 2600 619 2670; baseline 0.028 -22"><span class='ocrx_word' id='word_1_234' title='bbox 161 2600 215 2650; x_wconf 83' lang='lat' dir='ltr'><strong>Hoc</strong></span> <span class='ocrx_word' id='word_1_235' title='bbox 225 2620 310 2669; x_wconf 90' lang='lat' dir='ltr'><strong>unum,</strong></span> <span class='ocrx_word' id='word_1_236' title='bbox 320 2611 384 2670; x_wconf 73' lang='lat' dir='ltr'><strong>juneo</strong></span> <span class='ocrx_word' id='word_1_237' title='bbox 394 2625 441 2659; x_wconf 90' lang='lat' dir='ltr'><strong>non</strong></span> <span class='ocrx_word' id='word_1_238' title='bbox 451 2611 564 2660; x_wconf 72' lang='lat' dir='ltr'><strong>moriture</strong></span> <span class='ocrx_word' id='word_1_239' title='bbox 573 2611 619 2661; x_wconf 78' lang='lat' dir='ltr'><strong>dit.</strong></span> 
     </span>
    </p>
   </div>
   <div class='ocr_carea' id='block_1_3' title="bbox 0 0 942 2917">
    <p class='ocr_par' dir='ltr' id='par_1_22' title="bbox 0 0 942 2917">
     <span class='ocr_line' id='line_1_39' title="bbox 0 0 942 2917; baseline 0 0"><span class='ocrx_word' id='word_1_240' title='bbox 0 0 942 2917; x_wconf 95' lang='lat' dir='ltr'><strong> </strong></span> 
     </span>
    </p>
   </div>
  </div>
 </body>
</html>
